3542 5492
895 403 934 463 12

323 584 468 670 quibua·
499 585 546 650 rir
576 598 686 652 acutus
717 587 865 677 quidem,
896 587 950 654 sed
978 611 1070 680 saepe
1100 590 1193 656 nimis
1224 612 1396 680 properans
1421 593 1503 659 nihil

322 703 434 770 melius
458 706 614 794 repperit,
646 730 742 796 quam
763 708 888 788 delere,
913 732 995 798 qnae
1017 709 1199 776 riderentur
1209 723 1367 801 corrupta.
1404 711 1505 779 Nobis

321 835 428 892 tamen
456 826 490 891 in
518 825 579 891 huc
608 827 829 895 emendatione
859 852 924 895 uon
952 843 998 896 est
1022 831 1306 920 acquiescendum,
1329 855 1405 898 nam
1428 855 1503 923 pro-

322 945 375 1010 cul
397 944 493 1011 dubio
516 948 685 1036 excogitari
707 961 810 1037 potest
833 951 936 1040 aptius
959 951 1047 1040 quid.

365 1065 403 1130 In
428 1065 586 1131 vocabulis
609 1071 647 1132 in
666 1069 790 1156 quibes
805 1068 883 1136 latet
903 1071 1060 1160 liquido,
1080 1073 1170 1138 cuius
1187 1073 1504 1163 interpretamentum

320 1195 463 1273 operte,
495 1187 653 1288 quomodo
685 1189 842 1256 intrusum
870 1191 910 1256 sit
932 1192 966 1257 in
988 1204 1129 1272 textum,
1151 1212 1217 1258 non
1239 1194 1343 1259 estin
1366 1194 1503 1260 occulto.

318 1305 357 1372 lu
387 1305 497 1372 eadem
527 1311 557 1393 §.
603 1307 706 1398 «lpsa
737 1309 945 1401 chirographa
976 1313 1082 1378 omnia
1112 1325 1144 1380 et
1176 1313 1291 1402 quibus
1315 1313 1450 1392 credidi,
1471 1326 1503 1380 et

319 1449 375 1506 ea,
411 1427 525 1516 quibus
559 1428 656 1496 fidem
685 1453 750 1495 nou
779 1430 960 1498 habendam
990 1433 1115 1522 putari,
1149 1433 1253 1500 Laevo
1283 1431 1390 1523 Cispio
1420 1434 1503 1500 dabo

317 1547 504 1636 perferenda
519 1572 541 1612 »
587 1549 726 1640 Lepetur
746 1554 861 1616 omnio
880 1560 915 1616 et
932 1573 995 1633 ea,
1019 1553 1143 1641 quidus
1159 1553 1299 1618 credidi
1309 1603 1317 1633 ,
1343 1554 1424 1620 sicut
1438 1554 1503 1619 iam

319 1667 492 1734 Lambinus
519 1669 630 1738 voluit.
667 1668 716 1737 (tf.
740 1694 768 1738 e.
793 1695 823 1762 g.
848 1671 888 1736 ed
910 1673 981 1738 irat.
1006 1672 1048 1740 ΙΙ.
1073 1696 1124 1762 ep.
1152 1676 1166 1738 l
1193 1678 1267 1739 c.·‘3
1292 1676 1310 1759 §
1335 1678 1394 1754 243
1419 1674 1501 1740 Phil.

318 1787 359 1856 11.
385 1813 411 1854 ο.
437 1793 480 1856 36
505 1791 523 1874 s
548 1794 601 1855 91.

321 1941 323 1950 ⁴
364 1909 401 1975 ln
429 1909 559 2002 epistola
587 1912 731 2000 sequenti
761 1913 860 1980 oratio
883 1913 967 1978 male
990 1934 1066 1977 sane
1088 1924 1190 1978 estet
1212 1912 1335 1977 laborat
1357 1912 1391 1977 iu
1416 1916 1434 1999 §
1459 1918 1499 1980 2:

320 2052 341 2092 «
355 2030 446 2116 Quod
475 2031 512 2095 ad
536 2055 587 2098 me
609 2035 832 2123 perscripserus
855 2033 896 2100 de
919 2057 953 2100 re
977 2035 1119 2124 agraria,
1145 2035 1171 2099 si
1193 2034 1354 2100 consultus
1378 2049 1503 2101 senatus

319 2163 417 2230 esset,
450 2165 486 2218 ut
516 2153 650 2242 quisque
680 2153 1031 2220 honorificentissimam
1062 2154 1102 2222 de
1129 2165 1161 2220 te
1192 2155 1380 2221 seutentiam
1407 2154 1502 2220 dixis·

318 2282 384 2350 set,
409 2293 483 2336 eam
506 2283 645 2338 secutus
669 2297 796 2353 essem,
818 2279 881 2363 qui
903 2283 996 2340 certe
1020 2296 1080 2364 ego
1092 2274 1285 2361 fuissem.»
1319 2274 1501 2342 Orationem
1526 2326 1530 2332 .

318 2393 451 2482 pessime
478 2393 620 2459 habitam
648 2418 730 2476 esse,
763 2418 856 2462 nemo
886 2396 947 2461 fnit
974 2396 1053 2485 quin
1076 2408 1268 2486 agnosceret.
1317 2396 1499 2464 Ernestiusx

318 2517 403 2578 «ita
433 2537 506 2580 eam
538 2523 677 2579 secutus
708 2537 851 2581 essem.»
900 2516 976 2602 Quis
1008 2538 1072 2581 non
1104 2518 1198 2584 sentit
1228 2540 1269 2584 ue
1298 2517 1343 2583 sie
1374 2517 1503 2607 quidem

317 2656 449 2700 manum
480 2634 726 2702 emendatricem
754 2636 929 2702 orationem
952 2638 1097 2703 sanasse?
1148 2636 1250 2722 Quid,
1273 2659 1410 2725 quaeso,
1433 2650 1499 2715 est,

319 2758 559 2818 «sententiam
591 2758 686 2833 eius,
718 2759 782 2842 qui
812 2756 1162 2842 bonorificentissime
1190 2755 1233 2819 de
1263 2763 1297 2819 te
1327 2757 1499 2836 doluisset,

319 2882 458 2939 secutus
482 2889 608 2952 essem,
632 2878 695 2962 qui
717 2883 811 2939 certe
834 2896 894 2964 ego
908 2873 1094 2962 fuissem?
1140 2874 1347 2965 Perspicuum
1365 2891 1413 2944 est
1431 2901 1502 2946 cor·

317 2994 483 3084 rigcudum
507 3017 592 3073 esse,
617 3017 692 3060 eam
716 3003 855 3060 secutus
877 3003 990 3073 essct,
1014 3017 1128 3086 nempe
1152 3004 1297 3061 senates
1318 2999 1361 3066 cl.
1383 3023 1434 3090 ep.
1460 3005 1500 3066 te

318 3129 349 3182 et
372 3116 483 3183 Milon.
512 3117 529 3200 §
556 3119 610 3181 39.

319 3289 322 3294 .
363 3236 483 3316 Verba,
518 3261 599 3327 quae
622 3237 690 3303 aliis
713 3237 824 3303 litteris
847 3237 1039 3326 distinguam
1062 3238 1096 3302 iu
1118 3261 1169 3328 ep.
1191 3243 1235 3304 24
1255 3241 1273 3324 §
1291 3243 1311 3303 4
1330 3250 1363 3304 ct
1380 3261 1432 3327 ep.
1454 3241 1496 3302 28

317 3361 335 3444 §
362 3364 392 3425 3.
418 3371 450 3424 et
472 3383 521 3448 ep.
547 3362 590 3424 30
617 3360 634 3443 §
659 3363 679 3424 3
703 3358 820 3423 lectore
843 3358 1008 3447 imperito,
1032 3357 1086 3423 sed
1114 3382 1179 3424 non
1197 3358 1347 3424 Cicerone
1368 3371 1496 3424 auctore

316 3479 465 3568 gaudent.
514 3478 550 3542 lu
581 3478 711 3567 epistole
743 3482 785 3542 24
816 3477 951 3567 legitur:
1000 3478 1082 3545 «Ad
1112 3479 1174 3546 hoc
1201 3479 1299 3546 robur
1320 3492 1498 3545 nostrorum

316 3600 512 3666 exercituum
545 3598 607 3664 sire
643 3597 810 3662 Africanus
841 3600 1011 3678 exercitus,
1043 3603 1107 3687 qui
1129 3609 1184 3664 est
1205 3609 1411 3681 veteranus,
1437 3601 1500 3666 sire

315 3719 456 3788 Caesaris
498 3719 693 3797 accessisset,
730 3741 831 3806 aequo
871 3721 977 3786 auimo
1013 3743 1171 3786 summam
1205 3722 1435 3811 rempublicam
1463 3721 1498 3786 in

313 3839 482 3906 discrimen
500 3838 744 3917 deduceremus,
767 3839 858 3905 etin
881 3863 930 3930 ep.
957 3844 1047 3906 28»)
1075 3840 1219 3906 musuleo
1241 3842 1379 3930 egregii:
1405 3864 1498 3931 prae·

314 3960 416 4027 clarus
447 3959 485 4024 D.
519 3961 651 4026 Brutus:
683 3979 762 4048 puer
793 3961 936 4049 egregius
971 3957 1143 4026 Caesar.»
1190 3958 1273 4026 Satis
1295 3973 1408 4026 notum
1430 3973 1522 4026 erat·

315 4080 477 4154 Ciceroni,
511 4081 612 4169 qualis
641 4093 720 4146 esset
750 4080 915 4147 Africanus
944 4081 1115 4159 exercitus,
1140 4092 1172 4146 et
1196 4079 1373 4158 Trebonio,
1398 4101 1494 4168 quem

315 4199 425 4267 Cicero
448 4212 569 4290 peteret
592 4200 745 4266 uocabulo
762 4205 881 4292 pueri.
908 4201 949 4266 cl.
970 4199 1088 4266 editt.
1103 4200 1241 4289 XlVep.
1260 4203 1298 4264 12
1313 4202 1331 4284 §
1345 4203 1386 4280 2,
1409 4200 1494 4282 XXI.

314 4345 363 4412 ep.
390 4325 428 4386 ll
456 4323 473 4406 §
498 4325 539 4400 6,
563 4343 612 4411 ep.
640 4327 679 4386 15
705 4323 723 4406 §
750 4327 792 4400 3,
818 4320 857 4386 ad
880 4322 955 4386 fam.
980 4319 1051 4387 Xll.
1074 4344 1124 4409 ep.
1150 4323 1191 4385 25
1214 4322 1279 4405 §b
1311 4320 1493 4411 lncp.30:

315 4443 383 4510 Etsi
412 4441 567 4508 dexterius
589 4462 857 4508 corun-n·—
879 4443 1001 4531 impetu
1023 4442 1125 4531 primo
1147 4441 1310 4531 fugaverat
1334 4443 1492 4532 legionem

314 4562 435 4632 XXXV
470 4560 618 4640 Antonii,
655 4573 690 4627 ut
724 4562 857 4652 amplius
892 4584 1000 4652 passus
1030 4564 1047 4597 *
1077 4562 1161 4630 ultra
1187 4563 1306 4642 aciem,
1332 4585 1398 4650 quo
1422 4564 1494 4628 locu

315 4692 484 4765 steterat,
508 4683 734 4771 pmcesserit‚>›
758 4705 851 4752 nemo
875 4682 1023 4753 defendet
1045 4708 1110 4774 quo
1134 4686 1205 4752 loeo
1229 4691 1389 4750 steterat.
