3542 5492
863 434 903 494 55

340 616 412 682 Non
431 616 573 705 intelligo
595 617 627 680 in
652 621 738 706 ep.9
764 620 834 702 §3:
862 616 1122 705 «Symphoniam
1143 617 1274 705 Lysonis
1296 619 1411 684 vellem
1434 617 1477 686 ri·

290 751 404 816 tasses,
430 761 471 803 ne
498 739 531 802 in
555 751 700 826 quartam
726 737 925 804 hebdomada
948 738 1147 817 incideres,»
1171 762 1353 829 quanquam
1378 742 1478 806 sentio

291 857 452 946 quomodo
472 858 504 922 id
525 858 578 923 alii
595 858 781 948 explicaturi
799 861 870 925 siut.
910 861 1016 945 Quum
1036 872 1142 925 cutem
1165 873 1271 950 pateat
1286 884 1322 926 ex
1339 885 1390 949 ep.
1408 865 1476 925 112.

290 979 400 1044 Tironi
424 979 486 1044 vim
519 978 622 1044 morbi
652 989 834 1045 conversam
859 1003 926 1045 esse
946 981 978 1044 in
1004 988 1240 1067 quartanam,
1269 979 1348 1044 rnihi
1379 983 1478 1070 magis

287 1101 427 1189 placeret
445 1100 559 1165 eiicere
586 1101 799 1165 hebdomada
823 1114 854 1167 et
877 1101 982 1190 legere
1005 1109 1229 1188 quartanam.

335 1219 455 1286 Ultima
479 1232 525 1284 cst
548 1224 675 1310 cp,12:
701 1245 722 1284 «
733 1219 789 1286 Sin
816 1233 922 1286 autem
946 1221 1009 1286 suis
1037 1220 1276 1286 condicionibus
1300 1229 1399 1285 stare
1422 1245 1478 1286 no·

289 1341 409 1419 luerit,
435 1339 555 1406 bellum
588 1354 734 1431 paratum
756 1354 845 1407 est.»
900 1341 937 1407 ln
971 1340 1113 1407 Mediceo
1137 1341 1254 1430 legitur
1283 1343 1477 1420 istare,i11

289 1485 351 1551 quo
371 1461 500 1527 fortasse
525 1462 637 1550 aliquis
661 1467 799 1527 instare
820 1463 918 1528 latere
938 1462 1112 1540 existimet,
1138 1474 1169 1527 et
1193 1463 1344 1526 voluerit
1362 1463 1472 1550 legen·

287 1582 364 1647 dum
376 1605 433 1672 pro
451 1584 614 1648 noluerit.
664 1583 747 1648 Huic
770 1607 828 1672 ego
852 1606 916 1649 non
938 1583 1102 1648 adsentiar.
1152 1581 1367 1672 Opponuntur
1391 1583 1477 1648 enim

288 1704 370 1768 inter
391 1723 438 1768 se:
475 1726 495 1766 ‹<
506 1704 532 1768 si
552 1701 666 1768 Caesar
695 1703 727 1768 id
743 1703 878 1790 feeerit
900 1705 923 1768 i.
949 1727 978 1768 e.
1005 1705 1030 1768 si
1054 1705 1264 1781 concesserit,
1288 1716 1323 1767 ut
1347 1702 1386 1768 de
1411 1703 1477 1787 suis

290 1821 527 1888 condicionibus
546 1835 671 1888 senatus
694 1822 864 1900 deliberet,
889 1822 1052 1911 praesidiis
1068 1824 1130 1887 suis
1153 1847 1189 1888 ex
1208 1824 1247 1887 iis
1270 1823 1348 1888 locis
1370 1845 1479 1888 remo-

292 1944 355 2021 tis,
381 1965 458 2030 quae
491 1945 715 2031 occupaverit,
749 1957 780 2008 et
811 1967 831 2006 a<
840 1943 888 2008 sin
912 1956 1019 2009 autem
1042 1944 1105 2008 suis
1133 1942 1370 2008 condicionibus
1393 1955 1478 2007 stare

293 2063 437 2129 nolucrit.
449 2088 470 2126 >>
518 2063 691 2128 Posteriora
711 2076 817 2129 tamen
837 2065 1004 2152 requirunt
1028 2067 1081 2127 ita
1100 2064 1149 2128 rel
1168 2069 1221 2128 sic
1243 2065 1267 2128 i.
1282 2088 1311 2130 e.
1334 2087 1371 2129 ea
1386 2063 1476 2151 lege,

290 2195 325 2248 ut
348 2195 506 2250 removeat
523 2182 688 2271 praesidia.
737 2184 821 2248 Illud
847 2197 919 2249 ante
944 2193 1042 2248 stare
1058 2185 1254 2251 intercidisse
1273 2184 1418 2250 arbitror.

770 2408 1017 2421 ψ

334 2544 497 2610 Corollarii
520 2546 619 2610 instar
643 2544 808 2623 adiiciam,
835 2570 916 2634 quae
941 2546 1054 2636 collegi
1073 2547 1112 2612 de
1135 2551 1335 2634 quantitate
1359 2548 1478 2636 geniti·

288 2688 401 2732 rorum
420 2664 546 2731 illorum
573 2665 797 2731 adiectirorum
823 2679 853 2731 et
871 2668 1116 2756 pronominum,
1143 2667 1280 2755 quaein
1307 2667 1474 2747 Gramma-

288 2787 357 2853 ticis
381 2786 531 2850 dicuntur
553 2787 586 2849 in
611 2790 668 2850 ius
690 2786 782 2852 exire.
830 2786 879 2852 Ne
899 2786 993 2853 hodie
1017 2787 1146 2875 quidem
1166 2787 1249 2852 inter
1271 2786 1379 2852 doctos
1399 2811 1476 2853 con-

289 2920 367 2986 stat,
392 2919 499 2971 utrum
523 2906 652 2994 genitivi
675 2910 779 2970 anius
794 2910 953 2996 ,aeoliam
976 2910 1077 2972 illias
1100 2921 1132 2973 et
1152 2909 1221 2972 sim.
1244 2931 1318 2989 cum
1341 2913 1356 2972 i
1376 2909 1473 2997 longo

291 3029 350 3092 sint
375 3025 628 3117 pronunciandi,
661 3049 702 3090 an
737 3050 810 3092 cum
845 3029 943 3093 brevi.
1004 3029 1048 3094 Ut
1079 3029 1224 3094 mihimet
1254 3029 1314 3118 ipsi
1338 3052 1405 3093 rem
1432 3028 1472 3092 ad

288 3149 443 3237 liquidum
468 3147 699 3236 perducerem,
724 3150 867 3236 percurri
895 3149 1016 3237 aliquot
1039 3163 1147 3238 poetas
1176 3162 1207 3215 et
1234 3150 1341 3213 notavi
1362 3150 1472 3228 locos,

290 3269 346 3334 ubi
367 3270 497 3358 genitivi
515 3268 561 3334 illi
582 3268 715 3333 adhibiti
738 3280 821 3332 sunt.
863 3266 986 3357 Operae
1009 3270 1147 3358 pretium
1170 3269 1293 3334 ridetur
1316 3269 1378 3358 hicj
1392 3293 1477 3335 eom·

289 3391 471 3468 manicare,
497 3372 572 3478 quid
600 3388 679 3454 illud
702 3393 832 3453 eramen
852 3411 903 3452 me
924 3388 963 3453 de
983 3388 1096 3454 harum
1121 3389 1296 3477 quantitate
1317 3389 1475 3458 docuerit.

291 3511 422 3576 Initium
447 3511 596 3575 examinis
623 3508 696 3573 duxi
713 3509 865 3574 aCatullo
881 3559 890 3587 ,
904 3522 1019 3598 pocta,
1040 3509 1065 3573 si
1085 3510 1155 3598 quis
1175 3509 1275 3587 alius,
1299 3511 1393 3574 metri
1415 3533 1473 3598 pe·

294 3633 374 3709 rito,
406 3630 465 3694 hac
499 3626 542 3694 in
568 3651 601 3694 rc
630 3650 726 3716 parco
761 3628 908 3694 licentiae
944 3628 1165 3708 adhibendae,
1199 3630 1334 3694 florente
1368 3652 1479 3696 aurea

291 3763 393 3817 aetate
417 3751 566 3816 sermonis
598 3750 724 3828 Latini3
751 3751 921 3839 praecipue
952 3751 1071 3828 etiam,
1104 3750 1178 3838 quia
1204 3747 1348 3815 Catullus
1385 3733 1476 3815 dariis

291 3873 386 3938 metri
408 3870 575 3960 generibus
592 3882 672 3935 'usus
692 3882 750 3935 est.

337 3994 373 4059 ln
397 3991 519 4057 Catullo
542 3993 637 4079 igitur
657 4012 738 4056 unus
762 4003 860 4055 exstat
883 3992 995 4070 locus,
1021 3991 1077 4056 ubi
1100 3992 1134 4055 in
1157 3992 1339 4057 hexametro
1363 3990 1475 4077 dacty-

290 4112 351 4178 lico
373 4115 389 4176 i
407 4111 601 4200 pronominis
625 4112 688 4174 tlte
710 4111 842 4200 longum
862 4123 929 4190 est,
954 4112 988 4175 in
1012 4133 1109 4177 carm.
1130 4115 1173 4176 67
1200 4136 1244 4178 rs.
1262 4115 1320 4177 23:
1371 4161 1377 4172 s

521 4230 583 4297 Sed
609 4243 699 4321 pater
718 4233 820 4294 illias
840 4232 908 4295 nati
934 4230 1061 4295 violasse
1084 4229 1183 4296 cubili

291 4353 324 4416 in
349 4353 458 4419 ceteris
478 4352 596 4440 ubique
619 4350 699 4417 illud
724 4355 739 4414 i
761 4350 855 4417 breve
877 4374 943 4416 esse
968 4363 1100 4416 constat.
1150 4351 1188 4416 In
1208 4350 1479 4438 hendecasylla-

294 4473 346 4537 bis
366 4494 461 4537 carm.
484 4477 504 4537 3
528 4495 574 4540 rs.
595 4476 633 4540 82

518 4613 577 4656 nec
600 4614 665 4658 sose
689 4616 707 4656 a
728 4593 847 4682 gremio
872 4595 975 4658 illias
1000 4592 1156 4661 movebat.

293 4713 330 4778 In
350 4713 460 4781 eodem
483 4725 584 4780 metro
608 4735 705 4782 carm.
730 4713 769 4782 t.
795 4737 839 4781 rs.
861 4719 899 4782 3:
