3542 5492
852 419 888 480 11

277 613 421 680 collecta
451 607 675 672 inanissimis
698 605 899 695 splendoris
921 605 1139 692 insignibus,
1162 603 1287 683 brevia,
1310 605 1455 695 fugacia,

279 732 398 798 caduca
427 752 493 795 esse
522 728 701 794 existima.»
748 725 892 792 Coniecit
913 725 1086 791 Lambinus
1108 726 1287 791 collectam
1309 747 1353 790 ec
1376 728 1456 792 ine·

278 855 458 928 nissimis,
489 849 644 925 sentiens,
669 858 705 911 ut
726 845 867 924 ridetur,
892 867 957 912 nou
978 845 1062 911 bene
1079 846 1230 937 explicari
1248 869 1357 935 posse,
1378 845 1457 936 quid

277 972 339 1039 boo
376 971 446 1036 loco
484 970 524 1034 sit
558 969 723 1057 colligere
752 968 838 1032 baec
867 971 983 1032 omnia
1009 970 1233 1032 inanissimis
1257 967 1460 1058 splendoris

278 1092 485 1182 insignibus.
532 1087 596 1155 Sed
615 1109 738 1166 vereor,
762 1109 803 1152 ne
821 1085 963 1152 eiusdem
982 1086 1179 1167 emendatio,
1200 1088 1227 1153 si
1245 1087 1315 1153 lieri
1333 1099 1457 1177 potest,

278 1212 374 1279 etiam
395 1211 495 1300 magis
517 1208 704 1275 sententiam
727 1205 885 1277 absumet.
934 1206 1060 1271 Etenim
1080 1207 1238 1308 quomodo
1257 1209 1375 1297 species
1393 1207 1460 1298 glo·

279 1331 344 1397 riae
367 1329 473 1419 colligi
494 1341 597 1419 potest
620 1351 658 1393 11
680 1326 855 1416 insignibus
873 1327 1073 1416 splendoris
1093 1326 1348 1394 inanissimis?
1393 1327 1461 1394 Ne·

281 1475 343 1542 que
364 1450 426 1517 boc
450 1448 560 1516 Cicero
583 1449 632 1514 his
656 1447 757 1513 verbis
779 1447 948 1536 spectarit,
971 1447 1046 1528 sed,
1069 1449 1104 1514 ni
1125 1449 1235 1528 fallor,
1259 1447 1320 1515 boc
1339 1448 1459 1528 voluit,

279 1585 314 1638 ut
339 1572 474 1638 Plancus
497 1580 712 1636 contemneret
731 1591 857 1632 vanam
879 1568 1013 1658 gloriam
1035 1581 1219 1659 peteretque
1237 1592 1410 1659 perennem
1428 1582 1462 1637 et

280 1691 430 1771 solidam,
462 1713 543 1780 quse
572 1690 686 1756 nititur
708 1689 825 1754 virtute
854 1700 887 1753 11
916 1691 1126 1778 praestantia,
1154 1713 1259 1781 neque
1285 1704 1332 1758 ost
1355 1693 1461 1780 acqui·

280 1815 338 1881 sita
368 1811 487 1877 artibus
515 1822 547 1877 et
574 1811 673 1900 gratia
703 1810 880 1875 homiuum.
928 1808 982 1877 Sic
1010 1810 1139 1877 demum
1162 1823 1246 1878 reete
1268 1813 1463 1903 praecedunt

282 1955 429 1997 «nomen
456 1944 548 1997 tuum
584 1929 771 1996 commenda
800 1930 1061 1996 immortalitati»
1089 1944 1122 1998 et
1151 1931 1262 1999 ordine
1288 1945 1465 2024 sequuntur

283 2053 387 2118 statim
411 2074 547 2118 «rerum
569 2051 665 2116 decus
687 2052 721 2116 iu
743 2051 860 2116 virtute
882 2051 1055 2139 positum.»

326 2174 387 2239 Pro
414 2175 640 2237 inanissimis
671 2171 810 2261 suspicor
840 2169 1025 2237 Ciceronem
1052 2173 1208 2263 scripsisse
1231 2176 1462 2255 vanissimis,·

282 2307 352 2360 tum
381 2293 582 2361 scribendum
613 2305 660 2359 est
691 2293 868 2358 collectam
902 2315 921 2356 e
950 2296 1157 2359 vanissimis
1184 2295 1386 2383 splendoris
1408 2302 1465 2364 in·

284 2416 441 2504 signibus
474 2427 547 2493 aut,
580 2414 665 2503 quod
694 2413 842 2503 equidem
872 2413 1034 2502 praefero,
1065 2424 1226 2482 contenta
1257 2422 1464 2485 vanissimis

282 2535 485 2624 splendoris
504 2535 700 2623 insignibus
723 2534 775 2599 «1.
799 2556 827 2598 e.
851 2533 1074 2613 haecomnia,
1095 2557 1176 2625 quae
1195 2559 1259 2603 una
1275 2544 1465 2605 camoenis

285 2654 485 2742 splendoris
505 2655 700 2744 insignibus
719 2665 802 2719 stant
822 2653 1024 2744 caduntque,
1044 2656 1144 2745 iisque
1161 2659 1299 2738 amissis,
1320 2660 1464 2728 similiter

283 2787 494 2853 evanescunt,
519 2787 703 2855 contemne,
727 2775 856 2854 brevia,
881 2776 1026 2866 fugacia,
1051 2777 1171 2845 caduca
1193 2803 1259 2846 esse
1283 2781 1433 2848 eristima.

328 2895 530 2962 Notissimam
553 2896 766 2987 corruptelam
788 2895 1054 2987 deprehendimus
1076 2899 1110 2964 iu
1132 2923 1182 2990 ep.
1211 2904 1252 2968 15
1276 2905 1295 2987 §
1321 2907 1351 2968 4.
1398 2927 1421 2968 s<
1430 2903 1465 2972 Si

284 3037 341 3082 uos
362 3015 528 3082 mediocris
547 3015 641 3081 modo
653 3017 806 3103 fortuna
826 3015 1055 3104 Reipublicae
1073 3018 1246 3097 adiuverit,
1267 3034 1298 3088 et
1315 3023 1465 3092 audaciae

285 3135 479 3228 perditorum
502 3147 534 3201 et
556 3135 1106 3205 11111111111111111111111111111111
1127 3142 1356 3230 reperiemus»
1391 3143 1466 3213 Sae-

284 3258 355 3347 pius
386 3255 625 3324 confunduntur
654 3254 737 3335 PR„
770 3254 805 3320 Ρ.
833 3255 871 3322 11.
896 3268 929 3322 et
951 3257 993 3326 lt.
1015 3258 1066 3339 P.;
1091 3259 1145 3325 hic
1167 3261 1367 3330 scribendum
1381 3266 1466 3354 for-

287 3386 373 3444 iano
396 3377 441 3443 P.
466 3377 511 3442 Ii.
535 3377 558 3442 i.
583 3399 612 3442 e.
635 3378 763 3464 populi
784 3376 947 3444 Ilomani.

331 3499 370 3565 In
396 3497 527 3588 epistole
554 3499 593 3561 17
620 3499 638 3582 §
665 3502 696 3562 3.
743 3496 924 3564 «Studium
944 3499 1024 3565 mihi
1042 3522 1135 3566 saum
1155 3501 1192 3568 L.
1214 3501 1333 3570 Gellius
1351 3502 1390 3573 de
1409 3509 1468 3574 tri·

284 3620 344 3684 bus
374 3617 522 3684 fratribus
551 3640 583 3682 se
616 3616 754 3683 Gariano
781 3618 962 3707 probavit.»
1010 3621 1132 3700 Verba,
1162 3646 1243 3712 quae
1266 3647 1353 3692 nnnc
1376 3627 1469 3696 nihili

286 3751 376 3819 sunt,
407 3739 473 3804 leni
504 3738 678 3804 mutatione
708 3739 905 3829 probabilem
937 3741 1069 3808 reddent
1099 3745 1297 3813 sententiam.
1345 3750 1469 3841 Legfln.

287 3859 364 3926 dum
388 3882 409 3923 a
418 3859 457 3925 de
484 3858 585 3924 tribus
607 3859 755 3924 fratribus
779 3858 811 3926 S.
838 3859 877 3926 A.
905 3860 944 3928 G.
971 3860 1141 3929 11111111.
1166 3889 1195 3933 e.
1223 3864 1336 3949 Serto,
1364 3870 1465 3955 Aulo,

289 3982 367 4048 Gaio
401 3978 539 4046 Arianis.
587 3979 708 4044 Pariter
734 3981 854 4046 mentio
884 3979 922 4045 fit
952 3981 986 4046 in
1018 3982 1087 4048 Lib.
1119 3983 1175 4050 lx.
1200 4010 1250 4076 ep.
1275 3992 1315 4054 21
1343 3993 1361 4076 §
1385 3991 1470 4061 311

268 4102 388 4168 tribus
415 4101 482 4165 aliis
510 4098 672 4178 iratribus3
699 4099 807 4166 scribit
830 4098 996 4167 0111111»
1021 4103 1096 4170 Τ111
1118 4105 1165 4171 illi
1188 4106 1299 4176 fratres
1321 4111 1466 4195 fuerant,

290 4219 327 4288 O.
359 4219 421 4300 Gn,
452 4221 495 4287 M.
530 4217 698 4286 Carbones.
746 4219 885 4286 Turbata
915 4233 963 4286 est
991 4225 1147 4291 sententia
1174 4228 1207 4294 iu
1240 4251 1290 4318 ep.
1321 4233 1361 4297 21
1390 4235 1408 4318 ς
1433 4240 1467 4302 3.

289 4340 364 4407 «m
379 4434 381 4440 ἲ
394 4340 588 4418 Laterensis,
617 4333 665 4404 sir
695 4339 923 4421 sanctissimus,
955 4365 1011 4409 suo
1039 4343 1248 4438 chirographo
1270 4351 1368 4417 mittit
1390 4353 1469 4422 mihi

288 4462 426 4539 litteras,
461 4460 495 4525 in
529 4461 635 4549 eisque
670 4460 837 4550 desperans
871 4461 911 4529 de
944 4486 996 4545 se,
1031 4463 1071 4531 de
1104 4469 1263 4549 11111111,
1294 4470 1334 4538 de
1357 4473 1469 4565 Lepidi

289 4581 375 4662 lide,
408 4602 605 4671 querensque
634 4603 666 4646 se
695 4580 901 4662 destitutum,
935 4587 973 4648 in
1003 4586 1127 4674 quibus
1151 4602 1258 4678 aperta
1280 4589 1467 4676 denuntiat,

290 4703 431 4784 rideam,
468 4726 508 4770 ne
542 4700 661 4766 fallar»
700 4717 760 4772 cet.
811 4705 991 4773 Ernestium
1025 4707 1163 4796 primum
1197 4710 1396 4783 offenderunt
1432 4721 1469 4783 in

1212 4831 1254 4884 2!
