3542 5492
877 437 1025 497 36·

356 621 415 711 up.
442 625 478 687 ll
508 624 573 705 §4.
603 607 643 683 7«
654 621 715 688 Sed
739 621 1098 710 quoniam-smpioaris,
1123 621 1227 685 minus
1243 632 1328 686 certa
1350 619 1415 686 fide
1432 643 1493 686 eos

308 739 368 806 tibi
394 742 497 819 visos,
533 753 695 829 tamquam
729 754 939 831 procurator,
974 741 1018 806 sie
1047 764 1120 830 ages
1149 762 1236 830 rogo.
1249 765 1270 804 n
1319 739 1381 806 Atii
1403 741 1495 808 aliter

311 860 417 926 locum
449 860 594 952 expedire
622 861 800 928 voluerunt.
857 860 1047 950 suspicabar
1077 861 1229 951 seriptum
1260 860 1372 927 fuisse:
1410 860 1495 927 «sed

310 983 461 1070 quoniam
481 1005 570 1048 meos
595 986 756 1073 suspicor
774 983 879 1048 minus
902 994 989 1049 certa
1010 981 1075 1048 tide
1098 985 1212 1072 egisse
1227 981 1287 1049 tibi
1302 981 1403 1060 snos,
1421 993 1493 1046 tan·

309 1113 408 1190 quem
426 1116 634 1192 procurator,
659 1103 704 1171 sic
725 1125 797 1192 agas
819 1125 939 1194 rogo.»

357 1223 417 1312 Ep.
446 1226 499 1290 14.
548 1223 741 1309 «Quamdiu
762 1224 898 1290 civiliter
920 1227 996 1288 siue
1016 1227 1128 1289 armis
1151 1234 1309 1301 certetur,
1332 1221 1493 1288 honestio-

313 1365 383 1410 rem
407 1344 497 1432 sequi
518 1353 663 1433 partem3
691 1343 745 1410 ubi
773 1343 812 1409 sd
838 1345 961 1410 bellum
985 1353 1019 1408 et
1049 1351 1173 1410 castra
1199 1342 1415 1421 rememsis,
1439 1342 1495 1408 fir·

310 1463 493 1529 miorem.»
539 1464 649 1530 Laudo
670 1464 871 1544 Bruanium,
897 1487 997 1554 quum
1015 1464 1100 1532 delet
1124 1468 1202 1530 siae
1221 1466 1356 1542 amis,
1380 1462 1495 1530 sellem

311 1582 423 1653 eadem
448 1606 542 1674 opera
563 1585 738 1652 sustulisset
756 1586 879 1650 bellum
902 1595 950 1651 et.
999 1585 1082 1672 Quid
1105 1585 1144 1651 sit
1162 1593 1208 1652 s'n
1233 1604 1359 1655 casura
1377 1585 1495 1650 uenire

315 1706 388 1771 satis
411 1728 567 1795 superque
591 1707 699 1774 erhis
722 1706 859 1797 epistolis
883 1707 999 1773 confici
1020 1717 1166 1795 potest.»

774 1948 880 2014 Liber
903 1948 1035 2013 Nonus.

363 2187 459 2276 upa
486 2192 503 2273 §
526 2193 569 2256 3:
604 2187 681 2254 «do
703 2187 782 2254 mihi
805 2187 934 2277 quidem
956 2190 1020 2254 ism
1044 2188 1167 2279 pridem
1185 2188 1272 2256 venit
1298 2189 1331 2254 in
1358 2199 1498 2254 mentem

312 2305 439 2372 bellum
462 2329 527 2372 esse
552 2307 658 2395 aliquo
681 2308 787 2387 exire,
819 2318 859 2374 ut
881 2332 938 2388 ea,
975 2313 1061 2398 quae'
1086 2310 1280 2398 agebantur
1300 2345 1347 2360 -
1369 2331 1429 2374 nec
1450 2309 1497 2373 ri·

317 2425 426 2492 derem
456 2450 516 2494 nec
540 2426 723 2492 audirem.»
781 2429 845 2514 Qui
876 2428 1063 2495 Ciceronem
1092 2430 1196 2509 norit,
1226 2434 1292 2496 non
1320 2429 1444 2496 vocabit
1465 2430 1499 2494 in

315 2546 452 2614 dubium
475 2570 532 2638 pro
552 2556 591 2612 ut
614 2549 843 2615 restituendum
866 2573 934 2616 esse
957 2551 1026 2616 abi.
1072 2551 1113 2616 In
1131 2551 1196 2616 fine
1219 2549 1348 2616 secludo
1370 2550 1500 2616 Bmaae

317 2668 352 2734 in
374 2667 446 2734 his:
472 2669 591 2736 «Haec
614 2693 672 2760 ego
696 2671 856 2761 suspicans
880 2671 985 2737 adhuc
1013 2671 1143 2737 Romae
1173 2688 1331 2738 moneo.»
1377 2671 1499 2737 Erroris

316 2787 386 2853 fons
419 2788 480 2854 tuit
502 2789 630 2856 fortasse
651 2811 720 2854 voc.
745 2771 808 2867 ἶε,
834 2787 919 2876 quod
939 2810 957 2852 a
980 2810 1099 2856 maneo
1119 2801 1299 2878 separatum
1315 2789 1408 2856 facile
1429 2790 1499 2858 Ro·

320 2933 396 2974 mae
419 2909 640 2999 compendium
663 2909 763 2976 videri
785 2909 900 2999 potuit.
949 2908 1095 2976 Ciceroni
1117 2932 1191 3000 ergo
1210 2909 1307 2977 reddo
1329 2931 1421 2976 suum
1444 2933 1499 2976 re·

319 3053 448 3096 maneo.
478 3030 548 3096 Hoc
567 3031 637 3096 loco
659 3030 831 3096 rectissime
851 3053 978 3120 quoque
990 3030 1131 3097 Klotaius
1144 3040 1293 3122 possent
1311 3030 1425 3121 probat
1440 3054 1498 3120 pro

314 3159 478 3243 possunt.
527 3151 625 3218 Miror
647 3163 754 3216 tamen
785 3151 946 3217 Klotaium
973 3176 1065 3243 saepe
1088 3153 1319 3242 Wesenbergio
1343 3152 1498 3231 tribuere,

319 3271 406 3362 quod
419 3271 459 3336 ab
473 3272 617 3338 Ernestio
636 3272 801 3338 invention
825 3286 882 3340 est.
941 3273 1029 3339 Num
1050 3275 1096 3339 ita
1122 3272 1336 3363 detrectandaj
1347 3287 1422 3339 sunt
1442 3275 1501 3340 Er·

320 3394 413 3461 nestii
435 3393 573 3460 merita?

366 3515 475 3603 Inep.
503 3517 541 3578 4:
577 3513 824 3602 «Quapropter,
857 3514 882 3578 si
910 3525 1060 3580 uenturus
1082 3537 1139 3592 es,
1175 3515 1252 3580 scito
1281 3536 1408 3581 neeesse
1434 3537 1501 3581 esse

322 3649 354 3702 te
377 3636 505 3713 renire3
532 3634 580 3698 sin
604 3645 710 3700 sutem
743 3644 901 3711 nonest,
937 3639 995 3700 τῶν
1028 3631 1187 3700 ἀδυνάτων
1210 3645 1257 3700 est
1289 3638 1503 3700 tevenire.»

324 3753 407 3842 Quid
431 3755 544 3833 velim,
569 3753 664 3824 serbe
683 3755 749 3843 ipsa
768 3753 954 3842 loquuntur.
1014 3755 1055 3820 Et
1078 3754 1264 3844 paulopost
1287 3755 1370 3822 «sed
1398 3754 1437 3822 de
1456 3755 1504 3823 his

322 3877 417 3944 etiam
442 3874 558 3953 rebus,
595 3875 686 3940 otiosi
709 3897 783 3940 cum
807 3875 947 3953 erimus,
984 3875 1204 3964 loquemur.»
1250 3874 1330 3945 Mihi
1359 3899 1424 3943 non
1454 3878 1504 3942 lo·

322 4019 464 4086 quemue·
487 3993 646 4061 edendum
666 4017 731 4062 esse
749 3994 895 4074 videtur,
921 3994 974 4062 sed
998 3995 1200 4063 iocabimur.
1248 3995 1308 4062 illa
1330 4019 1402 4085 pars
1421 3998 1504 4086 epis-

321 4119 405 4185 tolae
439 4127 579 4182 versetur
612 4115 645 4180 in
678 4115 759 4180 ioco.
820 4113 873 4182 Sic
914 4115 990 4183 alibi
1022 4116 1154 4182 confusa
1187 4128 1261 4182 sunt
1304 4116 1438 4182 locutus
1470 4130 1504 4184 et

324 4243 471 4304 iocatus.

368 4359 405 4424 In
430 4380 479 4447 ep.
502 4361 523 4422 6
549 4359 566 4440 §
593 4361 632 4421 3:
661 4355 783 4422 «Nune
817 4379 910 4434 vero,
947 4356 971 4420 si
1001 4367 1104 4421 essent
1134 4356 1233 4420 nostri
1254 4360 1368 4446 potiti
1379 4407 1388 4435 ,
1413 4355 1503 4423 valde

323 4483 566 4568 intemperantes
595 4476 770 4542 fuissent.»
824 4476 941 4542 Intuli
975 4477 1130 4542 sententie
1158 4472 1270 4543 Cicero
1302 4498 1502 4566 numquam,

325 4598 409 4690 quod
434 4598 552 4675 sciam,
570 4600 693 4687 potior
718 4595 860 4662 absolute
883 4597 1011 4686 posuit,
1044 4595 1098 4661 sed
1121 4619 1244 4686 semper
1266 4596 1410 4685 adiungit
1433 4615 1503 4664 roc.

326 4745 440 4787 rerum
452 4769 460 4799 ,
487 4716 570 4807 quod
593 4718 687 4783 etiarn
708 4717 760 4784 hic
780 4719 990 4785 necessarium
1009 4717 1103 4786 duco.
1153 4719 1193 4786 Et
1216 4720 1249 4784 in
1274 4720 1344 4802 §42
1373 4717 1506 4808 «Equi-
