3542 5492
862 429 900 488 19

259 624 261 628 ’
287 618 370 685 tolae
400 615 600 682 brevissimae
630 612 745 679 oblitus
768 625 866 691 esset,
891 612 968 702 quid
990 613 1160 700 scripsisset
1181 612 1215 676 in
1238 611 1337 677 initio.
1387 610 1466 675 Leni

273 739 443 807 'medicina
467 735 557 801 nobis
580 757 658 824 opus
682 747 741 814 est;
768 756 881 823 nempe
903 734 1028 798 desunt
1045 732 1233 800 mutandum
1252 734 1286 798 in
1306 731 1465 800 deerunt·

333 857 475 950 Epistola
505 859 560 922 et.
593 877 698 920 rursus
721 853 871 933 ostendit,
898 877 992 942 quam
1018 853 1149 944 prodiga
1171 855 1469 943 interpretamento-

286 1003 359 1047 rum
397 979 437 1042 sit
472 975 674 1042 librariorum
704 975 809 1040 natio:
858 972 1023 1040 «Summa
1054 976 1158 1038 huius
1188 974 1357 1063 epistolae
1388 971 1468 1036 haec

287 1112 355 1178 est,
384 1110 419 1163 ut
449 1118 541 1162 ornes
571 1093 716 1160 omnibus
740 1093 832 1159 rebus
856 1093 1037 1174 Neronem,
1060 1094 1141 1162 sicut
1162 1093 1339 1170 instituisti,
1364 1101 1468 1180 atque

280 1219 447 1308 fecisti.»
493 1215 634 1282 Delenda
657 1237 722 1280 esse
745 1214 848 1278 tuine
872 1216 1041 1304 epistolae
1064 1214 1238 1293 constabit,
1260 1215 1286 1279 si
1301 1212 1469 1278 contuleri-

289 1362 358 1406 mus
389 1361 440 1428 ep.
475 1343 538 1414 53,
567 1358 618 1424 ep.
649 1337 691 1399 75
724 1345 755 1399 et
779 1333 819 1400 X.
844 1357 896 1423 ep.
923 1338 977 1401 25.
1026 1335 1138 1425 Neque
1163 1358 1255 1400 sanus
1276 1334 1372 1399 homo
1396 1333 1467 1399 reti-

289 1483 363 1526 nere
386 1457 493 1546 cupiat
516 1464 621 1543 otqne
635 1455 775 1541 fecisti.

333 1581 371 1646 In
394 1576 526 1668 epistola
550 1578 602 1640 65.
628 1575 739 1641 vitium
762 1574 937 1668 tollendum
960 1587 1007 1641 est
1027 1577 1061 1641 in
1083 1576 1148 1642 his:
1198 1575 1283 1643 «Sic
1305 1576 1391 1640 enim
1414 1599 1469 1641 re-

289 1701 345 1766 lim
369 1698 541 1775 existimes,
567 1718 611 1760 en
633 1706 699 1761 tota
722 1707 777 1760 tua
799 1695 960 1784 provincia
982 1696 1132 1784 omnique
1154 1696 1213 1761 isto
1237 1697 1369 1786 imperio
1389 1696 1469 1761 nihil

289 1843 368 1900 esse,
400 1817 485 1907 quod
515 1816 595 1882 mihi
618 1817 735 1905 gratius
758 1811 861 1882 ficere
886 1816 1020 1906 possis.»
1067 1816 1101 1882 si
1125 1815 1235 1882 Gicero
1259 1816 1374 1883 Silium
1396 1841 1470 1907 pro-

289 1951 468 2030 praetorem
484 1911 655 2026 rogasset,
693 1949 729 2001 ut
761 1935 879 2025 aliquid
910 1938 1061 2001 insuam
1091 1936 1225 2026 gratiam
1251 1939 1285 2002 in
1316 1937 1377 2002 alio
1401 1938 1471 2003 loco

294 2083 389 2150 quam
421 2060 453 2123 in
487 2081 541 2124 sue
568 2057 729 2147 provincia
752 2057 889 2135 faceret,
914 2056 997 2122 salva
1020 2069 1101 2123 esset
1122 2057 1217 2122 lectio
1240 2080 1283 2122 en
1306 2071 1371 2123 tota
1394 2081 1469 2147 pro-

289 2181 404 2248 rineia.
454 2178 548 2245 Nunc
578 2190 687 2244 contre
718 2189 764 2243 est
794 2190 828 2242 et
851 2177 1022 2266 legendum
1052 2177 1175 2243 videtur
1196 2182 1254 2258 in,
1277 2191 1313 2244 ut
1335 2177 1471 2244 ostendit

290 2303 387 2368 etiam
412 2324 463 2390 ep.
490 2303 551 2365 79:
602 2297 703 2364 «Hoc
725 2297 805 2362 mihi
827 2297 945 2385 gratius
969 2300 1007 2361 in
1028 2299 1087 2362 ista
1109 2299 1270 2387 provincia
1291 2300 1395 2365 facere
1419 2301 1469 2365 ni·

290 2423 337 2488 hil
358 2433 483 2512 potes.»
554 2469 557 2474 .

339 2542 460 2607 Iterum
481 2540 737 2631 interpolatorem
759 2551 903 2605 tenemus
925 2540 959 2604 in
981 2563 1033 2628 ep.
1059 2543 1114 2606 66.
1163 2539 1222 2606 «l
1246 2553 1278 2605 te
1300 2541 1362 2606 hoc
1385 2543 1472 2606 omni

292 2661 494 2729 contentione
523 2667 616 2750 peto,
649 2661 713 2738 sio,
747 2671 781 2725 ut
815 2660 933 2725 maiore
962 2681 1057 2738 cura,
1082 2660 1200 2726 maiore
1223 2661 1321 2727 animi
1343 2662 1470 2742 labore,

294 2795 401 2874 petere
424 2805 488 2846 non
508 2783 643 2872 possim:
670 2794 705 2846 ut
729 2780 768 2846 ad
791 2804 847 2858 ea,
872 2803 954 2870 quae
973 2792 1027 2845 tua
1046 2793 1156 2870 sponte
1177 2785 1253 2846 sine
1272 2786 1474 2871 cuiusquam

294 2901 584 2968 commendatione
606 2901 723 2966 faceres
746 2901 780 2967 in
802 2900 964 2967 homiuem
983 2913 1108 2966 tantum
1124 2915 1156 2968 et
1174 2902 1298 2968 talem»
1319 2916 1382 2970 cet.
1415 2905 1473 2970 Vir

295 3021 488 3089 monendum
518 3034 564 3086 est
593 3022 728 3086 insiticia
753 3045 819 3087 esse
843 3024 920 3086 sine
942 3025 1146 3110 cuiusquam
1170 3024 1470 3091 commendatione.

297 3144 336 3210 of.
362 3167 390 3211 e.
417 3167 446 3233 g.
472 3141 562 3208 XIII.
588 3165 639 3230 ep.
667 3144 707 3206 18
732 3144 750 3227 §
776 3146 807 3208 1.
868 3203 871 3208 .

341 3264 441 3354 Magis
469 3263 584 3328 haereo
610 3262 643 3326 in
667 3285 717 3351 ep.
744 3264 806 3326 792
856 3262 964 3328 «llius
987 3261 1069 3327 filios
1090 3263 1285 3352 dignissimos
1308 3264 1363 3331 illo
1385 3280 1474 3356 patre

296 3406 445 3474 meosque
478 3383 685 3462 necessarios,
721 3405 798 3471 quos
833 3406 891 3472 ego
925 3384 1019 3449 unice
1052 3383 1168 3475 diligo,
1202 3353 1389 3452 commendo
1417 3388 1475 3453 tibi

297 3507 359 3584 sic,
394 3517 430 3570 ut
460 3503 578 3569 maiore
609 3501 712 3567 studio
735 3504 850 3567 nullos
871 3504 1025 3592 possim.»
1071 3503 1172 3596 Saepe
1194 3505 1273 3572 haec
1296 3507 1405 3597 legens
1427 3509 1475 3573 in-

296 3624 368 3692 cido
399 3622 707 3690 inemendationem
731 3625 862 3687 maiore
881 3624 999 3688 studio
1021 3626 1116 3688 nullo
1140 3628 1374 3692 commendare
1389 3653 1477 3719 pos·

297 3751 380 3825 sim,
413 3757 448 3810 ut
478 3744 610 3833 legimus
638 3767 689 3832 ep.
719 3746 761 3808 29
795 3745 812 3827 §
848 3747 883 3823 43
910 3743 964 3809 sed
987 3767 1079 3833 saepe
1100 3747 1196 3811 etiam
1219 3771 1256 3814 eo
1277 3749 1416 3830 inclino,
1442 3763 1476 3816 ut

298 3879 421 3934 mutare
452 3865 546 3930 velim
570 3864 684 3929 nullos
706 3864 740 3928 in
764 3886 841 3930 non.
890 3863 1066 3953 Dupliciter
1087 3866 1174 3931 enim
1195 3871 1339 3936 enuntiat
1363 3869 1476 3937 Gicero

297 3987 380 4054 hane
405 3987 493 4076 quasi
516 3985 646 4076 rogandi
667 3984 846 4051 formulam.

344 4105 491 4198 Saepius,
524 4120 560 4174 ut
589 4107 805 4196 unusquisque
834 4118 997 4186 nostrum,
1029 4128 1094 4172 non
1125 4106 1210 4174 addit
1241 4111 1400 4178 obiectum
1428 4139 1476 4182 se-

259 4265 266 4285 ·
298 4230 403 4296 cundo
426 4227 522 4295 rerbo
545 4226 802 4306 commendare;
834 4226 981 4293 sedraro
1004 4227 1159 4296 tiresiam
1182 4243 1217 4296 ut
1240 4231 1366 4299 adiiciat
1389 4236 1477 4303 obie-

299 4363 387 4417 ctum
421 4351 545 4416 numeri
579 4348 759 4438 singularis,
795 4370 859 4413 non
890 4360 996 4414 tamen
1026 4350 1167 4439 pluralis.
1215 4353 1343 4420 Praeter
1369 4355 1475 4422 locum

297 4471 462 4537 laudatum
486 4471 575 4560 copia
598 4483 645 4536 est
667 4468 881 4557 exemplorum
904 4494 934 4534 r.
960 4492 988 4535 e.
1014 4470 1070 4535 XI.
1095 4495 1146 4561 ep.
1173 4476 1234 4552 22,
1259 4474 1331 4541 ΧΙΙ.
1357 4501 1407 4566 ep.
1431 4483 1473 4543 24

297 4604 329 4657 et
362 4597 422 4671 27,
454 4590 543 4658 XIII.
578 4613 628 4680 ep.
664 4593 722 4669 17,
756 4593 812 4668 383
843 4589 898 4655 IX.
923 4613 972 4678 ep.
999 4594 1053 4670 13;
1081 4591 1120 4656 ad
1145 4593 1229 4657 Ilrat.
1257 4593 1283 4659 l.
1310 4620 1338 4662 c.
1365 4601 1383 4660 6
1410 4600 1428 4682 §
1455 4606 1475 4666 3

301 4725 378 4780 extr.

1215 4840 1231 4888 3
1242 4835 1256 4866 ψ
