3542 5492
871 428 912 488 46

302 624 370 678 tum
382 607 491 678 estad
501 605 690 673 Mutinam.
716 609 754 674 In
771 621 908 676 extrema
927 610 1076 700 epistola:
1095 611 1258 702 «Aquilae
1273 613 1372 693 duae,
1391 616 1479 705 signa

304 732 461 821 sexaginta
488 740 561 794 sunt
589 728 731 795 relata.»
779 729 968 820 Supervenit
1000 725 1136 821 aliquis,
1162 735 1217 822 qui
1241 733 1388 800 adscribit
1411 736 1486 802 An-

304 855 404 918 tom'a'.
469 851 509 918 Et
532 849 669 914 narratio
693 851 927 916 accuratissima
961 851 1055 918 huius
1081 876 1227 942 pugnae,
1252 878 1289 919 ex
1321 878 1384 943 qua
1413 856 1486 921 luce

303 974 416 1039 clarius
440 985 486 1038 est
505 983 654 1038 eventum
674 971 777 1038 Hirtio
801 985 832 1038 ct
854 974 974 1039 Pansae
996 975 1092 1040 fuisse
1116 988 1350 1065 opportunum,
1375 976 1486 1042 finitur

301 1093 419 1162 uerbis:
458 1092 549 1158 «Res
572 1093 653 1158 bene
673 1098 762 1182 'gesta
785 1106 880 1172 est,»
918 1117 998 1183 quae
1033 1117 1089 1183 ego
1122 1094 1156 1158 in
1179 1096 1322 1185 margine
1354 1119 1483 1186 repono.

301 1213 452 1280 Videmus
475 1212 543 1279 ludi
565 1213 727 1303 magistros
750 1214 905 1303 explicare
928 1214 1092 1293 faciliora,
1123 1237 1254 1279 manum
1282 1215 1439 1281 abstinere
1468 1237 1485 1279 a

300 1334 539 1402 difficilioribus.
588 1333 732 1401 Ostendit
762 1334 823 1401 hoc
851 1334 961 1401 eadem
984 1335 1115 1424 epistola
1138 1335 1172 1401 in
1196 1338 1213 1420 §
1239 1341 1269 1401 4.
1329 1336 1486 1425 Loquitur

302 1454 401 1520 Galba
426 1453 464 1520 de
488 1453 652 1522 Aemilio.
701 1455 826 1540 Quanto
854 1456 966 1520 iustior
989 1478 1083 1521 causa
1106 1455 1214 1522 fuisset
1239 1456 1375 1522 addendi
1397 1455 1485 1520 via?

346 1576 405 1663 up.
430 1581 472 1642 33
499 1577 570 1660 §12
606 1575 762 1648 «tametsi
786 1587 909 1642 tantam
933 1575 1146 1641 calamitatem
1170 1577 1364 1665 reipublicae
1388 1600 1485 1666 quam

298 1695 473 1762 tardissime
495 1695 603 1762 audire
626 1694 801 1786 optandum
820 1709 888 1764 est:
916 1697 980 1760 sed
1001 1698 1099 1776 illis,
1125 1701 1187 1784 qui
1198 1698 1372 1787 prodesse
1393 1698 1488 1762 mihil

292 1825 444 1908 possunt
468 1839 575 1904 meque
598 1815 774 1882 mederi.»

343 1937 504 2004 Postrema
529 1936 623 2003 verba
657 1947 723 2002 toto
752 1935 840 2002 coelo
872 1935 1051 2025 discrepant
1086 1960 1104 2000 a
1133 1939 1288 2004 sententia
1324 1938 1484 2003 Pollionis.

299 2058 338 2124 In
362 2061 523 2149 margine,
550 2057 667 2138 credo,
705 2070 891 2124 annotatum
916 2045 991 2123 'erat
1015 2062 1123 2123 «sine
1152 2058 1254 2124 dubio
1278 2059 1326 2125 vel
1350 2061 1488 2124 scilieet

302 2175 401 2266 (quod
424 2177 457 2242 iu
482 2151 627 2244 sid‘vel
651 2151 705 2242 sit
728 2177 825 2243 latere
846 2175 998 2265 suspicor)
1024 2200 1044 2239 a<
1053 2176 1134 2254 illis,
1161 2178 1216 2265 qui
1236 2176 1381 2267 prodesse
1404 2176 1486 2243 nihil

243 2325 244 2329 ¹
298 2309 445 2388 possunt,
459 2319 562 2385 neque
581 2296 738 2363 mederi.»
775 2296 895 2363 Eadem
917 2298 1046 2363 sortasse
1069 2319 1181 2362 manus
1204 2319 1292 2363 roco.
1302 2306 1388 2387 post
1410 2299 1484 2362 Irie-

300 2441 384 2484 mem
397 2415 511 2483 adieoit
522 2417 555 2482 in
569 2420 586 2502 §
601 2423 639 2482 3:
664 2417 776 2482 «nulla
788 2417 871 2482 enim
883 2426 969 2507 post
982 2419 1122 2481 hiemem
1142 2417 1202 2482 fuit
1224 2430 1297 2482 aute
1316 2441 1386 2482 eam
1398 2417 1483 2483 dicm

300 2537 508 2628 navigatio.»
532 2548 563 2604 et
587 2537 709 2627 scripsit
732 2537 765 2602 in
789 2548 927 2602 extrema
951 2559 1002 2626 ep.
1018 2540 1061 2602 34
1085 2559 1153 2601 «ex
1177 2537 1306 2616 castris,
1320 2538 1487 2602 exPonte

300 2659 489 2748 Argenteo.
503 2681 523 2721 »

722 2897 827 2965 Liber·
856 2896 1077 2963 Undecimus.

347 3140 383 3206 In
416 3163 465 3230 ep.
487 3146 506 3204 t'r
532 3145 549 3229 §
574 3142 613 3203 2:
653 3139 752 3217 «Tu,
782 3139 807 3204 si
830 3137 895 3204 dies
918 3151 1090 3228 noctesque
1113 3139 1317 3218 memineris,
1344 3140 1428 3228 quod
1453 3152 1484 3207 te

300 3263 405 3330 lacere
428 3272 513 3327 certo
537 3260 625 3338 scio,
653 3271 803 3348 quantam
828 3283 895 3324 rem
919 3261 1069 3348 gesseris,
1105 3280 1170 3323 non
1202 3258 1384 3325 obliviscare
1407 3284 1483 3350 pro-

303 3384 387 3450 fecto
399 3429 407 3460 ,
445 3391 600 3470 quantoe
622 3381 680 3446 tibi
699 3381 883 3447 etiamnunc
904 3379 1079 3469 gerendae
1100 3383 1217 3445 sint.»
1264 3381 1302 3446 ln
1324 3383 1489 3470 postremis

304 3500 436 3582 Cicero,
453 3525 511 3567 mc
535 3499 663 3579 iudice,
689 3522 751 3566 non
784 3499 936 3588 spectavit
960 3523 1009 3566 res
1037 3501 1193 3579 multas,
1229 3501 1282 3567 sed
1306 3524 1433 3579 unam,
1457 3515 1489 3568 et

305 3646 385 3713 quae
407 3622 526 3699 fuerit,
551 3631 638 3710 patet
662 3643 699 3685 ex
723 3623 740 3705 §
764 3625 802 3699 3,
828 3620 883 3684 ubi
907 3619 1006 3687 dicit:
1034 3621 1280 3707 «Quamobrem
1304 3634 1335 3687 te
1359 3622 1488 3690 obsecro

303 3779 348 3792 —-
371 3751 410 3807 att
434 3746 472 3806 in
488 3750 697 3832 perpetuum
721 3740 967 3827 rempublicam
991 3741 1171 3805 dominatu
1198 3745 1296 3830 regio
1322 3743 1488 3808 liberes.»

304 3863 389 3954 Lege
411 3869 572 3949 «quanta
596 3860 654 3926 tibi
677 3861 860 3928 etiamnunc
883 3861 1039 3948 gerenda
1064 3865 1155 3927 sit.»

350 3981 500 4048 Mendosa
524 3994 571 4048 est
600 3985 714 4072 ep.10
740 3983 758 4066 §
782 3983 811 4047 1.
859 3980 1066 4047 «Gratiorem
1088 4005 1140 4048 me
1171 4005 1238 4048 esse
1268 3983 1302 4046 in
1325 3994 1356 4048 te
1380 4005 1488 4073 posse,

307 4125 404 4191 quam
426 4101 477 4166 isti
507 4101 645 4190 perversi
669 4100 730 4165 sint
760 4101 793 4166 in
816 4123 891 4180 me,
916 4101 1113 4190 exploratum
1137 4102 1261 4180 tates,
1287 4105 1337 4167 sit
1359 4127 1406 4168 cn
1428 4103 1490 4171 hoc

305 4222 487 4311 temporeis
511 4219 678 4287 rideantur
700 4221 764 4287 dici
787 4243 905 4300 causa,
929 4221 1058 4288 mallem
1077 4235 1168 4288 tuum
1193 4222 1369 4301 iudicium,
1393 4247 1490 4312 quam

306 4365 343 4409 ex
370 4342 468 4408 altera
493 4353 583 4431 parte
606 4341 749 4406 omnium
772 4342 947 4408 istorum.»
1002 4342 1102 4408 Valde
1133 4341 1302 4431 deprauata
1336 4346 1491 4411 sententia

307 4475 372 4542 est,
399 4485 494 4551 quam
519 4485 611 4528 nemo
634 4484 728 4527 ausus
751 4476 797 4529 est
820 4462 994 4528 restituere.
1043 4463 1084 4528 Et
1108 4475 1214 4528 tamen
1239 4464 1359 4531 ratione
1382 4464 1491 4529 habita

308 4584 371 4650 stili
394 4583 567 4674 epistolaris
586 4583 720 4652 dubium
737 4607 800 4650 non
825 4597 891 4664 est,
917 4584 995 4674 quin
1019 4584 1176 4673 scripserit
1195 4585 1328 4651 Brutus:
1352 4583 1490 4673 «explo-

310 4716 412 4771 ratum
437 4706 556 4772 habeto
571 4731 580 4770 .·
613 4711 718 4787 scito,
757 4708 838 4773 licet
860 4706 939 4774 hacc
961 4706 1110 4796 temporis
1133 4705 1301 4773 rideantur
1327 4703 1389 4770 dici
1414 4728 1491 4771 cau-
