3542 5492
898 439 939 500 50

327 619 360 683 in
395 642 443 708 ep.
468 621 528 684 15:
575 619 796 686 «Praecilium
835 623 894 687 tibi
923 623 1108 689 commendo
1139 627 1285 703 unice,›>
1316 639 1507 714 praenomen

326 741 443 828 periit,
469 740 552 829 quod
574 741 634 806 fuit
656 741 786 808 fortasse
811 743 854 808 P.

373 862 432 950 Ep.
458 864 497 927 16
524 864 595 946 §ir
634 862 701 927 «P.
725 861 872 928 Crassum
897 901 941 912 —
964 863 1057 929 dilexi
1088 866 1285 954 plurimum,
1316 879 1347 932 et
1374 889 1411 932 er
1444 889 1506 945 eo,

326 1003 425 1069 quum
449 982 488 1046 ab
512 984 640 1049 ineunte
670 985 736 1049 eius
768 997 869 1049 aetate
894 985 975 1050 bene
1005 987 1229 1074 speravissem,
1266 999 1335 1051 tum
1355 1008 1426 1076 per
1455 1009 1507 1050 me

324 1103 499 1167 existimare
522 1105 611 1193 coepi
634 1104 670 1168 iis
694 1102 816 1169 iudiciis
831 1155 839 1183 ‚
854 1128 936 1193 quae
955 1105 994 1170 de
1018 1127 1055 1169 eo
1070 1104 1211 1184 feceras,
1237 1107 1405 1195 cognitis.»
1437 1107 1506 1172 lila-

324 1223 379 1288 lim
404 1246 425 1286 «
435 1236 502 1289 tum
508 1229 698 1314 permagni
710 1248 783 1289 eum
803 1229 994 1290 aestimare
1015 1227 1148 1314 coepi.»
1196 1223 1504 1315 cf.11.ep.13§2.

325 1343 362 1408 ln
388 1345 406 1427 §
431 1347 464 1407 4:
504 1355 566 1408 «et
589 1356 715 1423 tamen,
750 1343 833 1432 quod
870 1369 1043 1434 negaram,
1080 1344 1267 1411 commendo
1297 1345 1357 1413 tibi
1390 1369 1505 1413 eum.»

325 1461 369 1528 Ut
392 1463 534 1552 saepius,
560 1463 603 1528 sic
627 1464 722 1528 etiam
752 1463 804 1530 hic
840 1465 1061 1553 legendum»
1098 1465 1162 1530 sed
1195 1474 1308 1529 tarnem
1344 1478 1404 1531 oet.
1453 1463 1502 1530 cf.

325 1608 374 1674 ep.
394 1588 433 1648 18
460 1585 535 1667 §23
564 1583 603 1649 ll.
630 1589 713 1674 ep.3
739 1587 813 1669 §23
841 1584 913 1649 XII.
939 1609 989 1674 ep.
1011 1588 1065 1651 24.

371 1703 470 1768 Valde
501 1708 647 1793 corrupta
671 1716 717 1769 est
740 1727 790 1794 ep.
809 1709 848 1769 19
875 1709 946 1790 §22
974 1707 1162 1795 «explorata
1186 1727 1259 1772 vero
1282 1707 1350 1771 eius
1381 1705 1505 1771 incolu-

323 1829 451 1904 mitate,
476 1825 581 1890 omnia
605 1836 674 1890 ate
698 1824 819 1889 studia
844 1849 975 1890 summa
1000 1848 1075 1891 cura
1100 1839 1184 1916 peto.
1196 1849 1217 1889 >a
1266 1825 1330 1890 Alii
1348 1826 1408 1890 alia
1430 1850 1505 1916 pro·

322 1959 514 2038 posuerunt;
553 1946 780 2037 simplicissima
803 1947 882 2012 mihi
906 1948 985 2012 ratio
1008 1947 1132 2014 ridetur
1155 1945 1344 2013 emendandi
1368 1948 1504 2013 «omnia

325 2093 342 2134 a
368 2081 400 2134 te
435 2067 538 2133 studio
569 2090 691 2132 summo
729 2076 767 2132 ut
799 2090 900 2132 cures
930 2080 1014 2158 peto.
1027 2093 1048 2133 u
1106 2069 1226 2133 Rursus
1258 2067 1447 2135 secludenda
1470 2069 1504 2132 in

324 2215 374 2281 ep.
398 2192 459 2254 22:
486 2190 637 2276 «quadus
666 2190 732 2253 tibi
755 2189 932 2255 Manlium
956 2190 1249 2255 commendabat.»
1297 2190 1455 2278 Turpius,
1480 2191 1506 2254 si

325 2309 401 2401 quid
414 2310 534 2388 sentio,
560 2308 614 2374 sed
633 2308 743 2374 eodem
767 2308 860 2374 modo
877 2322 1045 2398 peccatum
1064 2323 1110 2376 est
1129 2312 1163 2375 in
1186 2334 1237 2399 ep.
1253 2314 1295 2375 29
1321 2313 1388 2395 §4:
1416 2308 1505 2374 «Ille

230 2495 235 2506 ,
323 2432 357 2496 in
384 2430 531 2495 morbum
558 2430 708 2494 continuo
733 2429 868 2508 incidit,
895 2453 938 2494 ex
967 2454 1032 2518 quo
1061 2453 1127 2495 non
1151 2432 1339 2496 convaluit.
1401 2429 1504 2518 Aeger

325 2545 495 2638 Corcyram
518 2533 624 2630 renit3
650 2549 695 2614 ibi
718 2561 764 2615 est
787 2563 975 2616 mortuus.»

318 2705 320 2712 ·
369 2671 441 2738 Non
465 2671 578 2762 capio,
605 2670 681 2760 quid
705 2673 743 2736 sit
765 2672 798 2736 in
822 2695 871 2761 ep.
896 2677 959 2739 30:
992 2671 1207 2738 «commendo
1230 2672 1373 2761 inprimis
1396 2673 1499 2759 ipsum

323 2793 425 2857 virum
440 2791 595 2854 --iis
619 2789 728 2854 studiis
747 2791 924 2856 litterarum
943 2790 1169 2880 doctrinaeque
1185 2791 1410 2883 praeditum,
1431 2793 1503 2880 qui·

322 2913 381 2978 bus
411 2933 468 3000 ego
491 2910 625 2974 maxime
655 2908 848 2989 delector,>›
881 2911 1014 2977 studiis
1046 2913 1248 2976 litterarum
1283 2931 1501 2991 rearmatur,

322 3034 375 3100 sed
399 3032 498 3097 multo
522 3029 653 3109 melius,
678 3030 756 3119 quid
782 3033 821 3097 sit
852 3032 985 3097 studiis
1010 3032 1175 3098 deditum.
1226 3031 1275 3100 Cf.
1301 3057 1352 3123 ep.
1376 3038 1416 3098 16
1442 3036 1459 3118 §
1482 3037 1501 3098 4

322 3155 348 3222 Ι.
374 3157 459 3243 ep.7
486 3155 590 3235 §10;
617 3151 677 3216 ΙΙΙ.
703 3175 754 3241 ep.
773 3156 814 3217 10
841 3156 906 3239 §7.

370 3276 469 3342 Grave
493 3274 603 3338 vitium
622 3272 731 3339 haeret
753 3274 785 3338 in
809 3277 828 3358 §
850 3278 887 3340 2:
913 3274 1029 3340 «Peto
1052 3276 1147 3364 igitur
1171 3276 1233 3338 ads
1257 3284 1313 3353 te,
1340 3283 1378 3337 ut
1402 3296 1499 3353 eum,

321 3387 502 3463 sire‘aderit
525 3395 588 3459 sire
611 3416 675 3459 non
699 3395 819 3460 venerit
841 3396 875 3458 in
898 3394 1062 3473 Siciliam,
1082 3398 1120 3458 in
1143 3399 1230 3459 meis
1254 3398 1392 3481 intimis
1425 3373 1503 3459 mae

321 3522 478 3603 animeque
502 3518 716 3578 necessariis
741 3517 836 3578 scios
864 3537 962 3593 esse,
989 3518 1110 3604 itaque
1132 3527 1246 3581 tractes
1271 3527 1332 3581 cet.

322 3639 397 3723 Quis
415 3637 459 3701 ita
478 3634 643 3723 loquitur?
669 3633 753 3723 Age,
767 3635 896 3701 restitue
918 3659 1063 3702 mecum:
1090 3660 1110 3699 «
1122 3637 1217 3716 Pete,
1231 3648 1266 3700 ut
1288 3657 1362 3702 eum
1374 3674 1420 3684 -
1431 3673 1499 3714 —-‚

256 3759 259 3764 “
320 3781 393 3823 eum
421 3757 454 3822 in
489 3755 566 3820 meis
594 3754 712 3820 intimis
744 3755 820 3820 scias
859 3779 947 3834 esse,
983 3760 1036 3820 ita
1068 3768 1182 3822 tractes
1217 3767 1278 3822 oet.
1316 3756 1358 3822 cf.
1384 3780 1432 3846 ep.
1459 3761 1492 3820 3.

320 3891 352 3945 et
376 3902 426 3968 ep.
450 3880 493 3942 76
519 3877 536 3960 §
560 3877 590 3940 1.

365 4001 425 4088 Ep.
441 4003 501 4063 33:
530 3992 621 4062 «Gn.
649 3994 782 4062 Otacilio
809 3996 933 4064 Nasone
958 4010 1030 4063 utor
1052 3998 1314 4077 familiarissime,
1339 4000 1383 4063 ita
1414 4015 1505 4087 pror·-

319 4143 393 4198 sus,
418 4131 453 4183 ut
475 4116 559 4183 illius
582 4116 699 4181 ordinis
722 4116 811 4181 nullo
830 4116 1060 4184 familiarius.»
1107 4118 1217 4183 illius
1240 4117 1358 4184 indicat
1383 4117 1504 4206 aliquid

244 4287 247 4294 ,
318 4240 491 4306 sententiae
514 4236 630 4303 deesse.
691 4237 731 4303 Et
750 4235 864 4304 desunt
896 4240 962 4305 sine
985 4238 1082 4304 dubio
1109 4252 1179 4329 post
1203 4239 1344 4305 Nasone
1378 4238 1504 4305 litterae

320 4359 366 4425 Id.
382 4357 426 4424 lt.
453 4359 475 4423 i.
491 4380 518 4422 e.
544 4357 650 4446 equite
670 4355 826 4426 Romano.

366 4481 425 4568 Ep.
448 4480 507 4543 25:
543 4478 650 4543 «Peto
673 4478 769 4567 igitur
793 4478 847 4543 abs
877 4491 933 4558 te,
959 4493 995 4545 ut
1030 4479 1183 4544 omnibus
1206 4481 1309 4545 rebus
1337 4517 1383 4528 -
1406 4513 1451 4526 -
1474 4479 1504 4542 ei

318 4598 539 4668 commodes.»
587 4598 707 4664 Eodem
730 4599 824 4665 modo
854 4601 948 4690 periit
970 4601 1158 4691 praepositio
1189 4605 1239 4667 in.
1285 4599 1384 4688 Leges
1408 4598 1505 4686 igitur

320 4721 472 4786 omnibus
495 4739 529 4788 ltt
553 4720 662 4786 rebus.
712 4717 760 4788 cf.
778 4744 828 4811 ep.
844 4725 887 4787 32
913 4724 990 4806 §2‚
1014 4707 1065 4811 ep.
1079 4726 1143 4803 37,
1165 4746 1215 4812 ep.
1229 4726 1271 4787 53
1297 4718 1372 4804 §l,
1394 4713 1503 4810 epea
