3542 5492
851 417 888 476 41

291 623 389 680 cem,
426 623 507 689 quae
531 613 563 666 te
594 600 686 690 digna
711 613 776 680 est,
803 635 847 650 -·
879 625 951 668 rera
981 625 1046 668 esse
1081 625 1292 692 cognosces.»
1350 606 1475 670 Poterat

293 723 407 788 ctiam:
435 744 547 810 «quae
570 733 606 788 tu
637 723 669 786 in
694 721 904 811 experiendo,
929 727 1024 788 inita
1055 726 1196 804 ratione,
1222 747 1304 814 quae
1326 739 1358 791 te
1381 725 1476 815 digua

288 857 354 922 ast,
379 864 453 908 rera
476 866 542 909 csse
566 865 755 932 cognoscas
768 843 783 907 ,l

331 965 433 1053 upa
464 967 481 1048 §
507 966 541 1028 1:
578 986 598 1026 ‹<
612 962 673 1029 Sed
709 962 882 1030 breviorem
918 986 970 1030 me
1005 964 1126 1030 faciunt
1146 990 1215 1044 -3
1241 967 1363 1044 altera,
1389 967 1474 1056 quod

287 1085 331 1150 Μ.
346 1082 559 1162 Varisidium,
574 1087 721 1171 equitem
737 1082 947 1162 Romanum,
960 1084 1147 1150 familiarem
1171 1108 1298 1165 meum,
1311 1088 1416 1176 ipsum
1436 1088 1476 1153 ad

286 1218 317 1271 te
336 1205 471 1270 'transire
490 1205 575 1270 iussi.
589 1228 610 1267 >›
657 1204 695 1269 Iu
715 1203 771 1269 tali
793 1205 925 1294 epistola
955 1206 1109 1271 eiusmodi
1132 1209 1276 1287 notitias,
1302 1208 1404 1296 qualis
1427 1221 1473 1274 est

288 1326 450 1414 Equitem
482 1323 698 1402 Romanum,
734 1347 829 1390 nemo
863 1323 973 1402 addit,
1009 1348 1113 1413 neque
1146 1326 1208 1391 hoc
1238 1328 1314 1392 fecit
1347 1326 1471 1395 Cicero.

287 1446 405 1512 Eodem
424 1444 519 1510 modo
543 1457 652 1511 auctor
681 1468 769 1521 sum,
797 1458 833 1509 ut
853 1444 996 1510 deleatur
1031 1449 1207 1535 imparati
1229 1448 1263 1511 in
1286 1471 1336 1537 ep.
1363 1453 1384 1513 8
1410 1450 1427 1533 §
1452 1453 1471 1514 4

221 1637 224 1649 y
285 1568 317 1632 in
337 1567 458 1633 verbis:
486 1576 744 1657 «praematura
767 1564 969 1632 denunciatio
989 1566 1066 1632 boui
1084 1567 1159 1633 ciris
1183 1571 1357 1658 imparati
1375 1592 1471 1658 quam

283 1687 459 1780 periculosa
482 1699 583 1766 esset,
608 1711 644 1752 er
661 1710 735 1752 casu
759 1687 898 1775 collegae
920 1686 1109 1753 ridebam.»

327 1809 366 1875 In
389 1833 439 1900 ep.
460 1814 480 1874 8
506 1812 581 1893 §im
612 1809 690 1874 «Er
714 1830 777 1898 quo
803 1808 937 1896 intelligi
961 1831 1080 1872 curam
1112 1808 1304 1898 reipublicae
1327 1831 1469 1874 summac

282 1929 504 1996 defendundac
527 1931 588 1994 iam
612 1929 735 2020 pridem
759 1929 842 2018 apud
865 1951 922 1993 nos
949 1929 1153 1992 excubare.»
1201 1927 1281 1994 Satis
1303 1929 1468 1995 invenuste
1540 1919 1543 1923 ²

282 2074 367 2116 σανα
392 2051 509 2116 dicitur
538 2052 707 2116 excubare
716 2074 727 2128 ,·
752 2049 895 2114 homines
919 2061 951 2113 ct
982 2050 1199 2138 cuiuscunque
1230 2051 1351 2138 generis
1385 2055 1465 2115 oni-

279 2179 417 2237 mantes
440 2171 618 2249 excubare,
644 2169 720 2260 quid
742 2170 884 2234 mirum?
910 2167 972 2235 Sed
996 2192 1115 2234 curam
1135 2169 1313 2250 excubare,
1337 2169 1466 2236 difficile
1495 2193 1498 2200 ·

280 2292 390 2358 estad
414 2291 668 2380 intelligendum.
729 2289 859 2378 Aliquid
895 2290 1025 2356 fortasse
1058 2303 1137 2356 esset
1173 2314 1259 2355 σανα
1296 2293 1468 2356 excubans

283 2413 605 2503 adiectire'positum.
670 2411 881 2498 Quamobrem
906 2412 1009 2500 legere
1033 2413 1142 2476 malim
1174 2436 1261 2476 σανα
1296 2426 1326 2478 et
1361 2413 1466 2479 delere

287 2535 392 2623 opud.

333 2655 390 2744 up.
412 2658 430 2718 9
455 2658 472 2740 §
496 2659 533 2719 2:
566 2652 648 2719 «Sic
672 2652 805 2718 honores
828 2654 1033 2743 praemiaque
1056 2665 1159 2717 restra
1182 2653 1334 2742 suspicio,
1360 2654 1465 2720 confe-

283 2774 377 2840 renda
398 2789 483 2841 certe
508 2798 579 2840 cum
598 2773 858 2852 immortalitate,
884 2787 919 2839 ut
943 2774 1009 2839 sine
1033 2773 1081 2838 his
1104 2773 1186 2838 nihil
1205 2774 1245 2839 de
1266 2797 1337 2839 mco
1362 2774 1463 2840 studio

280 2897 575 2986 perseverantiaque
603 2895 660 2960 sim
689 2896 915 2961 remissurus.»
962 2895 1031 2960 Hoc
1056 2895 1126 2960 loco
1149 2896 1284 2960 Plancus
1307 2895 1462 2974 affirmat,

279 3041 312 3082 sc
330 3018 410 3082 tanti
433 3017 538 3082 facere
557 3013 692 3081 honores
713 3028 745 3081 et
763 3015 902 3104 praemia
913 3015 1027 3104 Populi
1040 3013 1196 3094 Romani,
1221 3027 1276 3094 ut,
1303 3018 1408 3079 etiam
1430 3020 1465 3080 ci

279 3138 337 3202 sihi
360 3160 425 3203 non
450 3137 654 3226 contingant,
679 3149 784 3200 tamen
801 3137 922 3224 patriae
944 3134 1118 3201 defensioni
1146 3159 1274 3225 operam
1306 3159 1461 3202 summam

278 3258 408 3323 daturus
428 3258 478 3322 sit.
526 3257 689 3324 Intercidit
716 3269 788 3322 ante
812 3259 889 3320 eine
910 3257 1091 3322 coniunctio
1111 3260 1229 3324 etiam.

324 3380 384 3468 Ep.
405 3381 442 3442 ll
475 3381 545 3462 §22
580 3403 601 3441 «
610 3377 827 3444 Animadverti
849 3415 895 3427 -
918 3376 994 3442 duas
1019 3377 1047 3442 ei
1072 3399 1140 3466 spes
1171 3400 1237 3442 esse
1267 3379 1460 3466 propositas,

278 3521 374 3564 unam
400 3497 512 3587 Lepidi
543 3497 663 3586 ipsius,
700 3497 831 3564 alteram
861 3499 1026 3564 exercitus.
1091 3498 1180 3584 Quod
1211 3497 1364 3586 quaedam
1390 3523 1460 3588 pars

278 3621 432 3686 exercitus
455 3641 519 3682 non
543 3618 649 3682 minus
680 3618 796 3682 furiosa
819 3630 889 3695 est,
915 3641 1009 3706 quam
1042 3619 1097 3707 qui
1130 3641 1203 3683 curn
1230 3618 1367 3684 Antonio
1390 3619 1460 3685 fuc-

279 3754 377 3820 runt,
414 3740 589 3828 equitatum
616 3740 777 3818 revocari;
816 3739 881 3828 ipse
916 3739 949 3803 in
985 3737 1207 3828 Allobrogibus
1246 3740 1389 3819 constiti,
1425 3753 1461 3806 ut

277 3861 409 3952 proinde
430 3860 468 3925 ad
492 3860 597 3924 omnia
618 3872 744 3949 paratus
763 3883 885 3936 essem,
912 3882 948 3924 ac
972 3882 1019 3925 res
1042 3883 1094 3925 me
1117 3874 1302 3927 moneret.»
1349 3862 1387 3927 In
1411 3862 1460 3927 his

277 3983 398 4048 divulsa
422 3995 518 4062 sunt,
544 4005 625 4070 quae
644 3993 735 4046 antea
757 3981 977 4046 cohaerebant.
1027 3981 1153 4046 Etenim
1175 3981 1224 4047 his
1240 3983 1341 4048 verbis
1365 3984 1459 4049 Plan·

277 4126 334 4170 cus
357 4125 484 4169 causam
504 4125 568 4168 non
588 4101 691 4168 reddit
705 4153 714 4181 ,
729 4124 786 4168 cur
797 4103 988 4168 revocaverit
1000 4103 1195 4191 equitatum,
1218 4102 1271 4168 sed
1291 4126 1348 4168 cur
1369 4117 1459 4194 putet

279 4225 416 4304 Antonio
440 4223 518 4288 duas
542 4247 610 4314 spes
634 4247 700 4289 esse
727 4224 911 4314 propositas,
967 4223 1079 4312 Itaque
1102 4224 1186 4313 lego:
1212 4224 1461 4293 «Animadverti

276 4383 320 4395 —
333 4343 468 4409 -duas
487 4347 517 4410 ei
538 4369 606 4434 spes
626 4368 692 4411 esse
711 4346 904 4436 propositas,
931 4367 1027 4409 unam
1052 4344 1163 4434 Lepidi
1183 4345 1302 4434 ipsius,
1327 4345 1458 4412 alteram

276 4467 448 4544 exercitus,
475 4464 559 4553 quod
584 4464 737 4554 quaedam
758 4488 830 4554 pars
848 4466 1045 4531 -fueruut
1084 4465 1269 4554 Equitatum
1294 4460 1454 4543 revocari3

275 4590 341 4678 ipse
368 4590 401 4652 in
425 4584 645 4673 Allobrogibus
670 4587 794 4651 constiti
805 4610 825 4648 »
849 4599 910 4651 cet.

321 4707 414 4773 Plura
439 4705 588 4776 tentanda
626 4719 698 4771 sunt
731 4709 762 4794 in
788 4707 919 4796 epistola
944 4706 1156 4773 duodecima.
1193 4705 1306 4773 Statim
1328 4701 1365 4770 in
1391 4707 1458 4796 ipso

1240 4832 1256 4880 6
