3542 5492
859 401 898 462 17

284 593 364 668 luit,
398 587 483 678 quod
511 589 544 652 in
577 607 697 652 summa
729 585 936 674 occupatione
967 594 1021 648 tua
1053 583 1191 650 Planco
1215 583 1355 672 collegae
1378 606 1470 648 man·

287 712 385 791 desti,
412 723 447 776 ut
470 722 501 775 te
523 707 602 773 mihi
625 730 682 797 per
704 707 822 772 litteras
846 715 1040 771 excusaret»
1066 703 1121 790 (ef.
1148 703 1188 769 X.
1211 727 1262 794 ep.
1289 707 1332 770 20
1355 716 1387 769 ct
1411 703 1469 770 XI.

263 813 336 922 ¹ep.
362 829 437 918 25);
461 830 494 896 in
518 828 588 894 Lib.
616 827 674 894 Xl.
698 851 749 916 ep.
775 828 814 892 21
843 828 860 910 §
887 830 928 903 3,
950 823 1007 889 ubi
1027 823 1065 888 ad
1086 823 1221 890 Brutum
1240 824 1469 892 scribenscre·

284 951 370 1016 ditur
390 948 563 1038 scripsisse:
588 947 705 1013 «omni
724 958 775 1025 te,
796 947 843 1010 vir
861 943 979 1034 optime
998 943 1141 1033 mihique
1160 945 1317 1010 carissime
1336 946 1468 1024 Brute,

285 1071 325 1140 de
355 1094 405 1136 me
435 1081 524 1136 metu
553 1067 694 1147 liberm»
725 1067 759 1132 in
791 1087 841 1154 ep.
877 1068 918 1130 13
952 1066 970 1149 §
1003 1069 1023 1130 3
1055 1064 1197 1130 abundat
1219 1089 1412 1155 praenomen
1434 1067 1469 1133 iu

286 1213 373 1259 rocc.
422 1188 522 1256 «Sibi
546 1211 619 1254 cum
643 1187 695 1254 M.
719 1185 839 1276 Lepido
864 1185 1062 1250 conveniret>
1085 1197 1117 1250 et
1135 1186 1169 1252 in
1189 1186 1260 1252 Lib.
1284 1186 1324 1252 X.
1346 1210 1397 1276 ep.
1414 1189 1469 1254 13.

288 1312 349 1398 Qui
372 1311 457 1378 enim
480 1310 533 1378 M.
561 1307 735 1376 Antonium
758 1305 956 1397 oppresserit.
982 1306 1025 1371 cf.
1050 1305 1108 1372 XI.
1133 1329 1185 1396 ep.
1213 1311 1266 1372 12.

329 1432 367 1498 In
399 1454 452 1522 ep.
478 1432 562 1515 16.§
587 1433 626 1494 2:
677 1427 774 1494 «Hoc
798 1450 871 1492 cum
894 1427 1030 1518 populus
1050 1427 1211 1494 Romanus
1230 1429 1395 1509 meminit,
1415 1452 1469 1496 me

284 1555 387 1642 ipsum
410 1574 477 1617 non
498 1550 676 1616 meminisse
698 1549 915 1639 tiupissimum
938 1560 1021 1613 est.»
1068 1547 1117 1615 Ne
1147 1546 1258 1616 Cicero
1280 1561 1379 1616 semet
1401 1551 1469 1639 ipse
1501 1552 1503 1556 ’

257 1652 262 1670 ’
284 1672 473 1741 condemnet
497 1671 584 1749 vitii,
608 1670 697 1734 cuius
719 1691 806 1734 nunc
824 1691 889 1734 non
908 1681 974 1733 erat
994 1691 1086 1747 retas,
1107 1667 1276 1758 legendum
1295 1683 1341 1737 est
1361 1680 1465 1740 esset.

327 1792 367 1858 In
393 1816 444 1882 ep.
478 1794 518 1857 21
555 1793 573 1876 §
604 1794 646 1855 2:
695 1790 884 1874 «Quocirca
911 1787 1074 1877 Segulium
1097 1789 1312 1878 negligemus,
1340 1792 1470 1880 quires

283 1936 380 1978 noras
414 1911 552 1999 quaerit,
589 1933 653 1978 non
688 1932 751 1999 quo
785 1922 923 1976 veterem
954 1908 1125 1975 comederit
1151 1946 1197 1959 —
1227 1910 1349 1975 nullam
1379 1913 1466 1978 enim

285 2031 396 2098 habuit
427 2069 492 2110 -,
528 2030 582 2096 sed
615 2029 698 2097 hane
730 2030 830 2119 ipsam
854 2038 1024 2094 recentem
1047 2053 1167 2094 nouam
1191 2029 1385 2096 devorarit.»
1432 2030 1468 2098 Si

284 2174 407 2241 semper
433 2163 635 2240 opponuntur
658 2158 756 2214 oetres
779 2163 811 2215 et
834 2172 975 2230 recens,
999 2151 1088 2216 locus
1110 2173 1175 2216 non
1198 2151 1388 2241 relinquitur
1412 2175 1467 2218 ro·

284 2271 399 2346 oabtslo
423 2294 556 2336 nocam.
602 2270 736 2359 Insuper
758 2268 954 2359 reprehendo
978 2270 1098 2358 aliquid
1120 2271 1155 2336 in
1173 2273 1256 2337 line:
1306 2270 1467 2360 «Siquid

283 2395 343 2459 erit
365 2391 537 2471 occultius,
561 2403 593 2460 et
616 2403 652 2457 ut
674 2390 804 2470 scribis,
825 2391 1042 2470 reconditum,
1067 2415 1210 2458 meorum
1229 2393 1369 2481 aliquem
1388 2393 1464 2458 mit·

284 2526 370 2592 tam,
402 2536 466 2601 quo
487 2513 638 2601 fidelius
669 2512 720 2584 aa
748 2521 782 2577 te
809 2514 954 2578 litterae
970 2512 1244 2601 perferantur.»
1291 2511 1467 2602 Scripserat

285 2633 401 2698 Brutus
433 2633 495 2722 (ep.
528 2637 571 2698 20
601 2633 712 2721 extr.):
762 2631 843 2696 «ld
872 2632 929 2696 has
956 2632 1076 2698 litteras
1098 2633 1205 2697 stetim
1225 2632 1308 2698 mihi
1329 2634 1465 2700 rescribe

282 2776 480 2843 puerumque
503 2754 641 2842 aliquem
661 2753 772 2831 mitte,
793 2753 819 2818 si
838 2752 915 2841 quid
932 2752 1130 2822 reconditum
1150 2754 1248 2842 magis
1268 2755 1327 2819 erit
1348 2778 1463 2844 meque

282 2874 360 2939 scire
391 2896 468 2962 opus
498 2897 564 2941 esse
586 2873 742 2964 putaris.»
791 2873 1040 2952 Grammaticus,
1064 2874 1121 2962 qui
1143 2874 1384 2963 explicationem
1406 2877 1464 2942 ad-

282 2995 370 3072 iecit,
407 3017 472 3058 non
506 2993 602 3072 vidit,
639 3018 670 3062 se
707 2993 892 3061 Ciceronem
922 2995 1025 3059 iacere
1055 2994 1219 3083 pueriliter
1249 2995 1457 3062 scribentem:

284 3113 393 3182 Beleas
425 3137 490 3203 quo
512 3151 558 3166 --
573 3115 820 3204 perferantur.
851 3116 893 3182 cf.
919 3115 1024 3204 Nepos
1048 3114 1117 3181 nte.
1144 3137 1172 3180 c.
1201 3118 1241 3181 10
1266 3118 1283 3200 §
1310 3119 1341 3185 1.
1366 3117 1459 3184 Paus.

283 3257 309 3302 e.
336 3240 367 3302 2.
395 3239 413 3322 §
437 3240 468 3300 4.

326 3356 447 3423 Novam
471 3355 635 3446 praebebit
657 3357 821 3426 materiam
843 3356 925 3423 liber
948 3355 1022 3422 XII.
1071 3355 1183 3446 Inep.
1209 3359 1229 3419 2
1255 3359 1273 3441 §
1297 3361 1328 3422 2.
1375 3360 1462 3426 «ln-

281 3476 394 3566 telligit
417 3478 501 3544 enim
524 3477 661 3566 populus
683 3476 843 3544 Romanus
865 3489 929 3544 tres
951 3501 1018 3543 esse
1041 3475 1238 3555 consulares,
1268 3479 1339 3565 qui,
1365 3481 1459 3567 quia,

282 3620 363 3685 quae
386 3597 425 3663 de
448 3621 515 3686 rep.
541 3596 623 3665 bene
645 3591 814 3676 senserint,
845 3595 943 3665 libere
967 3598 1075 3662 locuti
1096 3607 1198 3675 sent,
1223 3609 1292 3663 tuto
1315 3599 1348 3663 in
1372 3623 1459 3668 sena·

280 3729 349 3783 tum
372 3717 478 3783 renire
501 3739 565 3784 non
588 3718 744 3808 possint.»
790 3717 951 3783 Praestare
973 3729 1050 3807 puto
1074 3718 1201 3782 elocuti
1224 3722 1309 3784 sint.

325 3839 363 3908 ln
389 3823 440 3928 ep.
467 3843 489 3904 9
513 3841 532 3924 §
555 3843 590 3904 2..
636 3839 788 3906 «Firmos
811 3839 940 3905 omnino
962 3837 1116 3904 habemus
1138 3840 1310 3917 exercitus,
1335 3839 1389 3907 sed
1408 3856 1457 3908 ta-
1509 3919 1517 3928 ,

279 3982 375 4038 men,
396 3971 434 4024 ut
455 3961 580 4038 omnia,
605 3967 645 4024 ut
667 3981 787 4049 spero,
814 3981 962 4048 prospere
983 3957 1176 4047 procedant,
1199 3960 1336 4025 multum
1358 3960 1457 4028 inter·

280 4093 326 4146 est
348 4079 546 4146 tevenire.»
594 4079 734 4146 Glossam
757 4080 843 4145 olent
865 4079 960 4147 rerba
983 4088 1023 4143 ut
1043 4101 1156 4168 spero.
1207 4079 1288 4164 Quid
1307 4082 1393 4148 enim
1412 4094 1459 4148 est

272 4223 446 4290 prospere
473 4200 685 4290 procedere,
720 4201 781 4266 nisi
807 4201 1016 4291 procedere,
1053 4207 1092 4262 ot
1127 4175 1339 4290 speramus?
1385 4202 1459 4269 Non

278 4322 417 4386 multum
448 4322 552 4390 differt
580 4321 660 4391 baec
690 4321 866 4394 emendatio
898 4345 917 4386 a
947 4321 1086 4388 Baliana
1109 4321 1143 4386 in
1164 4319 1265 4399 libro,
1289 4322 1324 4386 ni
1345 4322 1456 4404 fallor,

278 4441 318 4508 de
350 4441 483 4510 Emend.
512 4441 576 4508 Cic.
610 4441 664 4509 Or.
698 4441 737 4507 ad
768 4442 813 4509 Μ.
844 4442 956 4521 Brut,
986 4441 1042 4531 qui
1065 4440 1159 4506 rerba
1183 4439 1344 4507 Ciceronis
1367 4443 1457 4510 Bruti

279 4566 299 4647 §
333 4567 395 4632 56:
433 4574 495 4628 «et
529 4562 679 4629 seditione
713 4564 878 4641 nunciata,
914 4576 949 4628 ut
981 4574 1048 4628 erat
1079 4564 1182 4626 laena
1213 4566 1382 4641 amictus,
1413 4565 1458 4629 ita

277 4684 363 4754 venit
395 4686 427 4753 iu
452 4683 682 4762 concionantes
703 4683 872 4750 certissime
895 4685 938 4751 ita
961 4681 1158 4760 emendarit,
1183 4683 1275 4748 utin
1298 4694 1457 4773 postemsn

1240 4806 1257 4854 3
