3542 5492
853 461 891 520 51

275 649 341 731 §Q
391 645 481 711 Idem
501 645 610 712 vitium
636 645 790 710 contraxit
813 667 862 733 ep.
878 648 921 710 28
947 647 1023 728 §22
1051 644 1135 709 «Est
1157 645 1243 709 enim
1266 645 1299 708 in
1322 665 1360 708 eo
1384 655 1451 708 tum

273 768 369 832 virtus
388 803 436 815 -
456 789 528 831 cum
551 765 651 831 studia
670 765 724 830 illa
745 777 861 830 nostra.
874 788 895 827 »
941 763 1161 855 supplendum
1180 765 1265 830 enirn
1288 775 1335 828 est
1350 786 1370 826 ‹<
1382 771 1452 827 tum

275 897 370 952 amat
390 885 492 951 studia
511 886 565 951 illa
588 898 728 950 nostra.»

316 1006 355 1072 ln
390 1030 442 1096 op.
465 1010 506 1071 38
542 1005 747 1095 interpolator
781 1005 913 1072 inseruit
947 1002 1132 1071 Siciliensi
1160 1017 1230 1094 post
1261 1011 1453 1092 quaestura

274 1151 347 1192 mea
371 1140 403 1193 et
427 1125 558 1192 Itomae
580 1129 613 1192 in
630 1126 749 1192 serbis:
776 1124 947 1192 «Omnino
975 1149 1061 1191 nnnc
1081 1127 1146 1215 ipse
1170 1125 1311 1192 Bruttius
1329 1123 1453 1190 Romae

273 1271 397 1314 mecum
421 1259 510 1312 est.»

316 1369 509 1434 ,Derenimns
535 1368 572 1432 ad
596 1367 758 1457 epistolam
789 1371 879 1446 44²³&
906 1389 985 1455 quae
1020 1367 1192 1432 necessario
1216 1367 1334 1456 opponi
1359 1364 1453 1430 debet
1511 1357 1515 1368 '

272 1488 421 1579 epistolae
446 1493 528 1553 74¹².

430 1729 555 1798 Cranno
581 1731 704 1797 Gamo.
922 1731 966 1795 Μ.
993 1727 1381 1815 CrannoQ.Prrn1rro.

314 1952 379 2000 Etsi
395 1967 424 2000 ex
441 1952 492 2000 tuis
517 1957 544 2000 et
563 1967 593 2000 ox
609 1952 634 1999 t.
658 1953 743 2018 Oppii,
758 1952 839 2012 fami·
925 1952 988 2000 Etsi
1008 1966 1060 2000 non
1080 1951 1168 1999 dubito
1185 1968 1230 2016 pro
1248 1955 1292 2000 tua
1306 1951 1332 1999 in
1349 1966 1389 1998 mo
1407 1951 1451 1999 ob·

270 2033 417 2081 tiarissimi
432 2033 494 2088 mei,
513 2031 603 2079 litteris
618 2032 725 2094 cognovi
743 2037 768 2079 te
788 2047 839 2079 mc·
885 2033 1010 2080 serrantia
1025 2046 1121 2094 proquo
1140 2039 1228 2079 nostra
1249 2031 1450 2089 necessitudine,

269 2128 363 2160 morem
372 2111 596 2159 commendationis
605 2126 689 2172 meae,
705 2111 782 2175 idque
793 2126 838 2174 pro
884 2112 947 2174 quin
955 2111 1191 2159 commendatiorem
1198 2127 1278 2159 meam
1287 2114 1406 2160 memoria
1417 2119 1455 2158 to·

269 2199 314 2254 tua
331 2207 429 2240 summa
439 2207 497 2254 erga
507 2206 546 2238 me
557 2191 732 2240 benevolentia
743 2205 838 2255 proque
882 2207 961 2248 noas,
982 2213 1453 2230 ---------

270 2280 359 2321 nostra
370 2269 560 2320 necessitudine
573 2271 673 2318 minimo
689 2287 743 2318 sum
763 2271 828 2318 admi
829 2292 1099 2308 -----
1114 2298 1161 2323 ,-
1181 2299 1214 2308 -
1241 2293 1279 2303 -
1300 2295 1340 2304 -
1365 2280 1453 2319 tamen

270 2359 353 2413 ratus,
371 2359 457 2400 tamem
470 2353 549 2399 etiam
564 2351 792 2413 atqucctiamtiii
806 2349 836 2400 L.
882 2352 961 2398 ctiam
980 2359 1056 2413 mque
1072 2351 1150 2399 ctiam
1167 2351 1276 2400 eundem
1292 2353 1344 2400 tili
1360 2351 1390 2402 L.
1403 2353 1453 2418 01»-

274 2432 380 2496 Oppium
391 2439 553 2496 praesentem
567 2429 632 2478 etL.
645 2431 836 2496 Egnatii,moi
876 2432 970 2494 pium,
998 2431 1143 2479 familiarem
1164 2449 1266 2489 mcum,
1292 2441 1451 2497 praesentem

265 2511 496 2570 larniliarissimi,
517 2511 630 2557 absentis
650 2513 753 2576 negotia
774 2527 835 2558 corn·
882 2516 907 2557 et
922 2509 951 2560 L.
963 2511 1090 2574 Bqnatii,
1101 2511 1318 2570 familiarissimi
1332 2513 1383 2559 mci
1390 2547 1397 2569 ,
1408 2513 1451 2559 ab·
1525 2564 1528 2569 ⁴

274 2590 366 2638 mendo.
405 2591 490 2639 Tanta
504 2591 573 2638 milti
586 2605 642 2636 cum
657 2606 684 2638 co
698 2593 837 2638 necessitu—
882 2592 965 2637 entis
985 2591 1090 2655 ne3otia
1110 2591 1258 2640 corumeudo.
1300 2591 1383 2638 Tanta
1401 2592 1450 2638 mi·

277 2669 306 2716 do
316 2677 353 2726 cst
355 2669 596 2733 familiaritasque,
617 2677 664 2726 ut,
684 2672 711 2718 si
724 2685 779 2718 raca
795 2685 836 2717 res
882 2669 911 2716 ln*
925 2684 981 2716 mira
999 2684 1026 2716 eo
1043 2670 1202 2717 necessitudo
1212 2669 1449 2730 estfamitiaritas·

275 2756 356 2806 esset,
385 2765 432 2798 non
453 2751 556 2814 inagis,
579 2749 726 2799 laborarem.
769 2749 836 2807 Qua·
880 2755 997 2811 quc,ut‚
1018 2749 1045 2794 si
1060 2757 1274 2809 accresceret,
1294 2765 1344 2798 noa
1363 2752 1450 2815 magis

265 2836 370 2894 propter
386 2831 569 2896 gratissimum
588 2830 656 2878 milti
669 2831 789 2891 seceris,
810 2831 836 2877 si
883 2829 1030 2876 laborarem.
1083 2827 1242 2894 Quapropter
1269 2831 1450 2894 arctissimum

268 2912 389 2966 curaris,
407 2917 438 2957 ut
449 2910 636 2974 ieintettigat‚
654 2926 692 2958 mc
708 2927 723 2958 a
742 2918 766 2958 ta
781 2917 838 2958 tan-
881 2910 949 2956 milri
958 2909 1078 2972 feceris.
1094 2909 1121 2956 si
1132 2912 1254 2972 curreris,
1275 2919 1304 2959 ut
1324 2912 1350 2958 is
1370 2912 1452 2959 intet-

268 2998 321 3036 tam
341 2992 444 3050 amari,
476 2997 596 3052 quantum
619 2991 674 3053 ipsc
704 2991 833 3037 existima.
882 2989 970 3052 ligat,
991 3004 1030 3035 mc
1050 3003 1066 3032 a
1087 2994 1112 3034 tc
1133 2997 1233 3036 tantum
1252 2993 1351 3047 ornari,
1372 3006 1449 3054 quan-

267 3070 323 3118 Hoc
342 3070 411 3118 mitri
427 3071 536 3134 gratius
548 3069 638 3129 facere
658 3070 729 3116 mittit
744 3075 834 3133 potem,¹
882 3073 937 3114 tum
956 3069 1013 3132 ipse
1043 3066 1173 3117 existimo.
1225 3069 1279 3116 Hoc
1304 3070 1372 3116 milri
1387 3084 1450 3135 gra·

268 3149 343 3214 idque
359 3156 389 3198 ut
401 3149 508 3207 facias,
531 3149 685 3197 veliementer
702 3155 726 3196 to
741 3164 805 3212 roqo.
882 3149 938 3194 tius
949 3147 1040 3208 facero
1060 3146 1131 3194 mittit
1145 3155 1237 3211 potes,·
1264 3149 1341 3212 idque
1360 3157 1391 3197 ut
1402 3151 1451 3211 sa-

881 3227 950 3287 cias,
971 3226 1127 3273 oeimneuter
1147 3235 1172 3274 tc
1191 3243 1260 3294 rogo.

315 3421 444 3485 Possent
468 3419 531 3483 duo
555 3419 633 3484 haec
658 3419 799 3508 exempla
824 3417 959 3497 docere,
987 3415 1173 3483 Ciceronem
1197 3440 1289 3506 saepe
1323 3417 1448 3482 iisdem

266 3541 369 3606 verbis
392 3540 431 3605 de
449 3538 580 3604 iisdem
606 3539 698 3604 rebus
722 3539 760 3602 ad
789 3540 924 3604 diversos
948 3539 1092 3605 homines
1115 3539 1294 3629 scripsisse,
1319 3539 1344 3602 si
1368 3539 1447 3603 alte·

267 3685 339 3729 rum
363 3660 456 3727 huius
477 3661 522 3726 rei
545 3659 724 3748 exemplum
748 3657 787 3722 ad
807 3682 938 3723 manum
962 3672 1051 3725 esset.
1102 3661 1195 3725 Nunc
1219 3681 1292 3726 vero
1314 3658 1447 3740 adsunt,

266 3781 388 3870 siquid
411 3779 533 3858 iudico,
558 3777 674 3844 fraudis
703 3777 828 3844 indicia.
878 3779 1042 3869 inpriore
1069 3779 1199 3868 epistola
1224 3778 1344 3870 Qppius
1367 3781 1447 3846 dici-

267 3915 320 3966 tur
346 3901 687 3988 familiarissimus,
723 3900 778 3988 qui
811 3900 844 3962 in
876 3900 974 3964 altera
1008 3898 1124 3965 dicitur
1145 3899 1376 3986 familiaris,
1413 3917 1448 3968 ut

267 4024 363 4088 etiarn
387 4022 519 4110 legimus
539 4021 571 4084 in
596 4043 646 4108 cp.
663 4024 700 4094 4,
728 4043 807 4108 qnae
831 4018 870 4084 ad
895 4019 1031 4085 eundern
1066 4020 1205 4085 Gallium
1239 4023 1288 4086 rel
1321 4023 1448 4088 Gallum

267 4145 382 4232 scripta
406 4155 463 4207 est.
520 4140 631 4229 Neque
658 4141 823 4206 verisimile
858 4153 927 4218 est,
959 4163 1032 4205 eum
1055 4139 1330 4206 familiarissimum
1353 4143 1447 4210 fuisse

266 4263 432 4340 Ciceroni,
455 4263 511 4352 qni
535 4262 661 4351 Egnatii
683 4274 866 4350 procurator
895 4262 1001 4327 fuerit.
1057 4261 1128 4326 Huc
1153 4261 1296 4341 accedit,
1323 4261 1446 4331 Cicero-

266 4407 363 4462 nem,
386 4383 441 4471 qui
458 4383 552 4447 ambo
576 4380 798 4460 commendat,
822 4381 982 4470 declarare
1008 4405 1081 4448 carn
1105 4382 1239 4471 Egnatio
1263 4383 1363 4449 solum
1376 4386 1446 4451 eibi

265 4518 387 4570 tantam
406 4501 651 4568 familiaritatem
664 4525 746 4580 esse,
761 4515 796 4567 ut
810 4552 819 4582 ,
834 4504 859 4567 si
879 4527 934 4568 sua
954 4527 1003 4570 res
1027 4517 1129 4582 esset,
1155 4526 1219 4568 non
1243 4506 1341 4593 magis
1352 4505 1442 4570 labo-

265 4638 368 4704 reret,
393 4623 447 4691 sed
471 4635 579 4689 contra
603 4645 666 4688 non
679 4624 820 4688 multum
837 4624 1002 4703 laborare,
1023 4624 1185 4713 quomodo
1198 4623 1336 4715 Oppium
1356 4649 1444 4693 corn·

265 4745 402 4812 mendet.
439 4747 534 4811 Porro
546 4745 648 4834 ipsum
669 4745 747 4812 illud
760 4746 885 4812 initium
906 4747 1056 4836 epistolae
1076 4751 1143 4812 44²·
1158 4769 1222 4813 non
1241 4749 1314 4813 satis
1334 4762 1442 4838 aptum

1239 4873 1255 4922 7
1262 4869 1276 4903 1
