3542 5492
867 465 909 527 52

299 657 345 712 est
367 645 432 714 eius
460 651 505 716 rei
528 648 817 730 commendationi,
843 652 896 716 cui
919 652 982 716 iam
1001 674 1059 740 pro
1086 673 1200 742 magna
1225 665 1314 742 parte
1337 653 1477 718 satisfac-

299 781 368 833 tum
392 780 449 835 est.
498 770 660 836 Possumus
683 771 812 836 fortasse
837 769 1023 838 Ciceronem
1054 773 1096 836 ita
1121 774 1277 863 scripsisse
1305 773 1480 838 concedere

299 891 325 954 si
348 901 525 967 constaret,
539 914 612 956 eum
628 941 637 972 ,
657 892 709 957 cui
729 892 919 959 scriberetur
932 943 942 971 ,
955 915 1021 958 rem
1034 916 1098 958 non
1123 894 1258 983 amplius
1280 915 1410 971 curare,
1424 891 1479 957 sed

299 1010 492 1076 contrarium
515 1033 551 1078 er
574 1012 630 1078 illo
645 1013 735 1078 initio
758 1014 873 1079 confici
896 1013 1000 1098 debet.
1050 1013 1132 1079 'l'um
1151 1015 1236 1080 enim
1251 1011 1362 1080 Cicero
1383 1013 1480 1102 (certe

299 1133 344 1196 ita
366 1129 506 1197 urbanus
537 1129 613 1218 est),
645 1132 695 1198 rel
729 1133 754 1197 si
789 1134 883 1197 nihil
912 1145 992 1198 esset
1026 1134 1173 1200 effectum
1209 1134 1483 1200 commendatione

299 1254 426 1343 priore,
452 1252 484 1316 in
504 1251 593 1317 initio
616 1247 747 1318 iteratae
767 1251 909 1331 diceret,
935 1252 1017 1343 quod
1049 1252 1200 1319 hocloco
1220 1254 1359 1320 creditur
1382 1256 1482 1344 serip-

300 1375 392 1454 sisse,
417 1396 445 1440 e.
461 1396 508 1462 ga
531 1386 687 1462 «gratum
706 1373 785 1439 mibi
803 1375 929 1453 fecisti,
955 1374 1041 1463 quod
1057 1375 1362 1443 commendationem
1377 1400 1482 1443 meam

299 1495 429 1561 tenuisti
452 1495 625 1576 memoria3
664 1495 718 1560 sed
753 1508 859 1561 tamen
890 1496 985 1561 etiam
1015 1509 1109 1585 atque
1144 1497 1239 1564 etiam
1270 1497 1328 1563 tibi
1356 1498 1483 1586 lignatii

300 1617 426 1704 negotia
450 1614 679 1682 commendo.»
726 1615 896 1705 Inprimis
920 1615 981 1680 illis
1005 1617 1107 1684 verbis
1130 1616 1288 1682 Ciceronis
1319 1618 1483 1706 ingenium

302 1761 367 1803 non
391 1759 551 1825 agnosc03
578 1749 633 1816 et,
655 1759 755 1826 quum
790 1737 943 1826 posterior
965 1759 1036 1826 pars
1066 1748 1132 1802 tota
1161 1738 1269 1803 similis
1300 1751 1346 1802 cst
1369 1739 1485 1827 episto-

300 1861 350 1925 lae
374 1863 392 1924 7
399 1863 440 1923 4⁸⁶
460 1857 552 1923 oredo
583 1857 758 1923 nobishoc
791 1858 860 1923 loco
884 1881 951 1923 rem
974 1881 1040 1923 esse
1073 1881 1146 1923 cum
1177 1857 1482 1924 Pseudo-Cicerone.

302 1980 419 2046 Dubito
439 1979 535 2045 etiam
555 1977 593 2045 de
612 1978 679 2043 aliis
700 1977 838 2068 epistolis
849 2029 858 2058 ,
883 1977 938 2043 sed
961 1976 1000 2044 de
1020 1977 1068 2042 his
1092 1979 1220 2044 fortasse
1245 1977 1332 2044 alias.

349 2102 410 2191 up.
433 2106 474 2167 55
502 2101 579 2186 §12
618 2122 639 2162 «
652 2099 719 2164 Etsi
738 2098 818 2164 milri
850 2097 960 2165 rideor
985 2098 1174 2166 intellexisse
1200 2137 1245 2149 -
1266 2136 1313 2148 —
1335 2112 1367 2164 te
1389 2101 1486 2189 ipsius

306 2222 449 2311 (Anneii)
488 2219 581 2288 causa
614 2219 817 2288 vehementer
853 2223 967 2284 omniu
999 2219 1120 2286 aelle.»
1179 2219 1249 2285 Dici
1281 2232 1403 2309 potest,
1432 2213 1486 2284 aui

305 2347 419 2408 omnia
442 2343 529 2407 velle
552 2344 706 2407 alicuius
730 2363 838 2405 eausa
863 2353 919 2404 aut
941 2340 1062 2418 valde,
1084 2321 1299 2405 vehementer
1321 2341 1409 2405 velle
1432 2354 1487 2406 aut

305 2486 429 2554 cupere
449 2465 602 2528 alicuius
632 2486 751 2529 causo.
812 2461 914 2550 Igitur
944 2461 1005 2527 hoc
1039 2461 1109 2526 loco
1143 2459 1266 2526 deleam
1294 2465 1409 2526 omnia
1443 2462 1485 2528 cf.

306 2609 354 2678 ep.
375 2590 418 2651 64
443 2585 460 2671 §
484 2587 516 2658 1;
540 2587 646 2674 ep.7l
671 2587 744 2669 §13
772 2583 830 2649 ΙΙΙ.
856 2607 905 2672 ep.
929 2587 969 2663 73
996 2582 1081 2648 xvi.
1106 2606 1155 2672 ep.
1180 2585 1218 2647 17
1240 2559 1341 2663 extit,
1366 2596 1398 2649 et
1421 2607 1488 2648 sae·

305 2708 395 2800 pius,
432 2719 467 2772 ut
495 2707 529 2771 in
564 2729 616 2797 ep.
638 2710 696 2771 57:
734 2713 799 2768 «te
829 2708 945 2794 apcius
984 2703 1051 2792 [M.
1086 2703 1230 2790 Anneio]
1271 2703 1339 2792 (sic)
1378 2727 1486 2769 causo

307 2831 422 2893 omnia
445 2827 544 2891 velle.

351 2919 390 2984 ln
420 2941 471 3007 ep.
495 2920 538 2981 60
564 2917 619 3000 §1
658 2925 730 2980 ante
765 2914 1031 2978 benevolentiam
1066 2913 1205 2980 delerem
1236 2915 1377 2993 bonam,
1404 2914 1489 3004 quod

308 3041 403 3107 etiarn
423 3039 498 3104 fecit
522 3035 664 3102 Klotrius
689 3035 838 3124 cf.1.ep.
860 3039 908 3100 5a
934 3038 951 3120 §
969 3038 1000 3101 1.
1049 3035 1198 3101 Eiusdem
1221 3047 1366 3102 monetae
1391 3036 1489 3102 estin

309 3185 359 3251 cp.
382 3163 425 3226 66
446 3161 468 3244 -§
488 3162 504 3222 1
531 3180 599 3223 roc.
624 3159 863 3222 calamitosum
892 3157 927 3220 in
947 3157 1015 3235 his,
1041 3180 1090 3220 «a
1114 3170 1145 3222 te
1168 3156 1229 3222 hoc
1248 3157 1336 3221 omui
1360 3169 1488 3222 conten·

308 3284 394 3348 tione
417 3293 511 3372 peto,
536 3277 633 3344 utfad
657 3301 711 3357 ea,
737 3300 818 3366 quae
841 3290 896 3342 tua
920 3291 1030 3367 sponte
1052 3315 1097 3326 —
1119 3315 1164 3326 —
1186 3277 1304 3342 faceres
1327 3279 1361 3342 iu
1383 3277 1487 3342 homi·

308 3426 382 3470 nem
408 3414 534 3468 tantum
558 3412 589 3466 et
608 3398 723 3475 talem,
749 3397 997 3462 calamitosum»
1021 3409 1081 3462 cet.
1131 3396 1177 3481 De
1200 3397 1336 3462 formula
1366 3407 1487 3461 tantus

310 3533 344 3590 et
364 3524 452 3588 talia
475 3521 517 3586 cf.
543 3519 614 3586 XV.
639 3541 690 3607 ep.
714 3521 733 3582 4
757 3519 775 3601 §
799 3520 864 3598 14;
892 3517 931 3582 ad
956 3517 1022 3583 Att.
1045 3517 1102 3582 lx.
1128 3518 1250 3607 ep.7B
1276 3520 1340 3603 §2.
1391 3518 1486 3608 Verg.

308 3646 388 3712 len.
410 3644 436 3710 l.
460 3664 506 3709 rs.
528 3642 606 3706 606.

355 3766 392 3831 Iu
415 3787 466 3854 ep.
489 3765 532 3828 69
556 3760 653 3828 edidit
675 3760 817 3825 Baiterus
840 3761 873 3824 in
899 3763 972 3845 §1:
1009 3759 1128 3827 «llaec
1159 3759 1199 3824 ad
1230 3773 1261 3826 te
1284 3783 1321 3826 eo
1346 3759 1489 3850 pluribus

309 3886 439 3977 scripsi,
464 3897 500 3950 ut
523 3881 737 3971 intelligeres,
763 3904 813 3947 me
837 3903 901 3946 nou
921 3882 1066 3970 vulgare
1087 3904 1146 3948 nec
1165 3881 1328 3949 ambitiose
1347 3919 1393 3932 -
1412 3882 1488 3947 scri-

308 4010 421 4076 bere«
469 4004 550 4072 Mihi
572 4004 605 4068 iu
624 4014 902 4069 mentemvenerat
926 4001 1214 4092 «utintelligeres.
1235 4025 1287 4068 me
1310 4002 1407 4068 modo
1424 4025 1491 4066 non

309 4131 453 4217 culpari
472 4149 533 4191 neo
557 4125 749 4190 ambitioso.
798 4122 844 4188 tf.
869 4147 918 4213 ep.
938 4126 957 4188 7
977 4134 1008 4188 et
1029 4126 1082 4188 70.

355 4249 457 4316 Nemo
480 4245 639 4336 uolgatam
661 4245 832 4311 lectionem
851 4243 1011 4332 defendetj
1029 4244 1062 4308 in
1086 4267 1136 4334 ep.
1161 4247 1203 4309 72
1229 4246 1246 4329 §
1269 4247 1305 4308 1:
1332 4242 1491 4311 «Caerel-

310 4341 371 4438 liae
390 4407 435 4422 ·-
458 4391 526 4435 rem
547 4401 593 4418 -
612 4363 830 4458 commendari
852 4365 912 4430 tibi
934 4387 1080 4456 praeseus
1104 4366 1138 4430 iu
1161 4365 1259 4432 hortis
1282 4366 1346 4432 tuis
1373 4404 1418 4416 —
1438 4379 1491 4434 tu·

313 4515 375 4584 que
397 4490 477 4558 mihi
500 4525 545 4542 --
568 4489 674 4555 omnia
704 4500 736 4553 te
759 4487 919 4554 facturum
948 4485 1164 4552 liberalissime
1188 4488 1378 4578 recepisti.»
1428 4488 1491 4554 Le·

313 4613 451 4704 gendum
482 4626 528 4679 est
557 4621 693 4702 tumque
716 4610 757 4676 ef.
784 4609 826 4675 Il.
852 4612 938 4702 ep.7
964 4611 1027 4694 §l.
1076 4605 1113 4672 In
1138 4610 1212 4693 §2z
1244 4610 1351 4674 «Peto
1374 4609 1491 4699 igitur,

314 4749 350 4804 ut
373 4735 552 4806 memineris
575 4735 703 4814 omnia,
739 4756 828 4824 quoe
861 4744 915 4800 tua
939 4729 1017 4799 fides
1037 4738 1226 4821 poteretur
1256 4730 1416 4804 cumulate
1438 4758 1493 4804 re·
