3542 5492
876 442 918 501 26

310 620 421 685 drino
441 643 563 686 carran.
614 624 641 687 Α
665 624 791 714 vulgata
814 621 953 690 editione
975 643 1039 689 non
1058 646 1185 714 possum
1204 649 1268 691 non
1292 626 1439 693 recedere
1460 630 1495 693 in

309 765 360 831 ep.
385 742 433 807 5b
458 745 476 826 §
501 748 533 809 1.
582 743 675 809 «Hic
707 767 789 833 quae
813 754 970 835 agantur
993 769 1139 836 quaeque
1174 761 1244 813 acta
1276 751 1372 827 sint,
1398 772 1439 813 ea
1462 762 1497 815 te

311 875 341 928 et
371 863 482 928 litteris
509 864 684 929 multorum
710 877 741 930 et
765 866 889 930 nunciis
923 889 1073 955 cognosse
1100 867 1256 933 arbitror:
1284 891 1366 956 quae
1389 881 1496 935 autem

310 984 410 1073 posita
430 993 512 1048 sunt
535 985 568 1050 in
595 987 776 1052 coniectura
801 1009 945 1076 quaeque
969 988 1241 1067 badomarium,
1267 1012 1308 1053 en
1329 1003 1407 1078 puto
1436 989 1499 1054 tibi

310 1127 403 1169 ame
427 1104 520 1170 scribi
553 1118 742 1195 oportere.»
799 1105 1023 1173 Coniunctiros
1058 1118 1215 1198 agantur
1242 1121 1275 1175 et
1304 1118 1387 1174 acta
1422 1113 1497 1174 sint

308 1247 434 1316 prorsus
458 1227 621 1316 improbo,
647 1251 751 1317 neque
782 1229 831 1294 rel
855 1228 1019 1296 minimam
1046 1252 1172 1295 causam
1196 1229 1306 1309 rideo,
1336 1253 1394 1294 cur
1416 1230 1498 1296 haec

311 1345 520 1412 Coniunctiro
541 1349 741 1414 enuncianda
769 1350 854 1428 sint,
880 1362 989 1415 contra
1009 1355 1134 1440 posita
1166 1359 1249 1415 sunt
1275 1363 1306 1416 et
1331 1351 1499 1415 videntur

309 1467 493 1534 Indicatiro.
553 1469 728 1536 Discrimen
766 1472 849 1536 inter
875 1470 1085 1536 lndicatirum
1123 1484 1154 1537 et
1186 1471 1428 1537 Coniunctirum
1452 1472 1499 1536 sic

309 1612 435 1678 prorsus
456 1589 597 1669 tollitur,
623 1603 656 1656 et
672 1577 750 1688 crux
770 1591 824 1656 illa
838 1591 1124 1658 Grammaticorum
1148 1615 1213 1657 non
1236 1592 1310 1672 diu,
1336 1604 1371 1656 ut
1395 1614 1495 1681 augu-

311 1732 385 1788 ror,
422 1710 526 1776 stabit.
594 1710 642 1776 Ad
682 1723 825 1776 nostrum
861 1712 968 1777 locum
1002 1713 1156 1802 imprimis
1191 1712 1381 1779 conferenda
1422 1723 1495 1777 sunt

311 1830 383 1896 Lib.
407 1830 461 1895 IV.
493 1855 546 1921 ep.
572 1835 602 1897 2.
634 1834 651 1915 ὅ
679 1836 718 1898 2;
758 1831 901 1917 «Neque
934 1833 1036 1897 solum
1059 1855 1100 1897 ea
1133 1833 1302 1922 perspicis,
1328 1855 1416 1922 quae
1436 1855 1498 1921 gc·

311 1960 464 2030 rnntur,
497 1976 642 2041 quaeque
669 1954 733 2017 iam
765 1965 851 2042 gesta
876 1961 979 2032 sunt,
1009 1952 1070 2027 sed,
1089 1953 1209 2032 etiam,
1236 1954 1291 2042 qui
1314 1976 1424 2019 cursus
1446 1976 1496 2018 re-

311 2095 402 2142 rum.
427 2074 484 2160 qui
506 2074 606 2139 oritus
628 2074 753 2139 futurus
778 2073 863 2140 sit.»

360 2197 433 2264 Non
456 2217 583 2283 possum
608 2195 680 2258 satis
713 2195 821 2259 mirari
844 2194 1005 2260 Klotzium
1026 2195 1059 2258 in
1080 2194 1154 2260 Lib.
1179 2194 1239 2259 lIl.
1263 2218 1313 2282 ep.
1333 2195 1386 2260 10.
1414 2196 1431 2278 §
1455 2196 1496 2257 10

312 2320 482 2386 restituisse
506 2316 715 2381 ludicatirum
740 2316 772 2379 in
795 2315 864 2379 his:
902 2315 1029 2380 «Nunc
1059 2337 1123 2392 ec,
1147 2335 1238 2401 qnae
1261 2337 1350 2380 ame
1373 2314 1498 2404 perfec-

312 2456 362 2520 ta,
387 2460 532 2528 quaeque
563 2417 835 2514 institutarum,
861 2458 1043 2525 cognosce,
1056 2459 1077 2498 r>
1107 2435 1263 2501 hocloco
1291 2448 1400 2522 tamen
1430 2457 1497 2500 ser·

312 2585 398 2628 rasse
435 2558 699 2636 Coniunctirum,
737 2557 776 2621 cf.
809 2560 936 2646 ep.12.
975 2558 1090 2640 §2et
1119 2555 1143 2620 l.
1179 2579 1231 2645 ep.
1253 2559 1286 2621 8.
1319 2558 1405 2640 §23
1438 2554 1496 2621 xl.

310 2708 361 2773 ep.
376 2686 419 2747 20
442 2681 513 2746 init.

360 2806 419 2894 Ep.
447 2807 477 2866 7.
517 2804 534 2885 ᾖ
564 2808 597 2864 l:
636 2800 798 2883 «Quoties
837 2797 916 2861 mihi
949 2806 1121 2862 certorum
1156 2798 1327 2861 hominum
1361 2807 1499 2884 potestus

314 2928 396 3003 erit,
422 2923 545 3011 quibus
573 2918 785 2997 recludam,
818 2941 882 2983 non
904 2918 1196 3007 praetermittam.»
1243 2917 1348 2983 Verba
1374 2916 1501 3004 quibus

313 3055 407 3113 reete
432 3043 506 3107 dem
538 3042 673 3131 turpiter
708 3038 870 3105 abundant
904 3039 943 3104 cl.
969 3037 1039 3104 Lib.
1060 3038 1101 3104 V.
1133 3062 1185 3128 ep.
1212 3043 1243 3103 9.
1282 3041 1379 3122 §lb
1436 3035 1500 3103 Sed

313 3167 414 3234 multo
440 3164 563 3253 gravius
587 3161 709 3227 laborat
734 3164 751 3245 ᾖ
773 3167 816 3226 3:
851 3159 1076 3226 «Praeterea
1097 3159 1226 3248 quidem
1249 3158 1287 3224 de
1324 3159 1498 3227 consulari-

313 3289 372 3354 bus
391 3286 512 3352 nemini
535 3307 663 3375 possum
686 3295 741 3347 aut
764 3281 859 3346 studii
880 3304 955 3369 erga
974 3293 1005 3345 te
1033 3293 1087 3344 aut
1110 3279 1207 3342 officii
1235 3291 1289 3343 aut
1314 3278 1407 3343 amici
1430 3279 1500 3342 ani-

312 3411 357 3475 mi
388 3431 453 3474 esse
475 3407 605 3472 testis.»
654 3402 735 3488 Quid
753 3399 981 3492 praeterea?
1035 3399 1124 3464 Nihil
1147 3421 1237 3466 sane.
1279 3398 1363 3463 Dicit
1389 3398 1499 3477 idem,

315 3529 399 3619 quod
422 3529 542 3594 dixerat
565 3524 682 3590 modo:
722 3524 821 3607 «Quo
846 3520 975 3610 quidem
998 3532 1162 3609 ternpore,
1199 3532 1234 3584 ut
1264 3519 1429 3609 perscripsi
1461 3518 1500 3583 ad

313 3663 346 3716 te
371 3661 482 3727 antea,
508 3645 641 3734 cognovi
676 3644 880 3709 Hortensium
904 3640 1112 3731 percupidum
1139 3641 1206 3719 tui,
1237 3638 1411 3705 studiosum
1435 3641 1501 3706 Lu·

316 3769 462 3846 cullum,
487 3790 524 3832 er
547 3765 784 3854 magistratibus
805 3777 911 3830 autem
933 3762 1092 3828 Racilium
1115 3773 1147 3826 et
1165 3760 1228 3826 fide
1252 3774 1283 3826 et
1306 3762 1411 3826 animo
1438 3761 1504 3825 sin·

314 3889 471 3982 gulari‚>›
495 3900 529 3954 et
562 3899 655 3952 antea
687 3885 869 3976 per'scripsit
899 3886 933 3949 in
967 3908 1017 3973 ep.
1045 3882 1110 3949 bb.
1143 3884 1221 3965 §2:
1244 3906 1280 3946 κ(
1290 3882 1436 3948 Amicum
1460 3903 1504 3945 ex

316 4009 559 4078 consularibus
588 4010 754 4072 neminem
782 4007 840 4070 tibi
862 4029 928 4070 esse
957 4003 1047 4069 rideo
1065 4010 1216 4092 praeter
1244 4002 1446 4067 Hortensium
1471 4014 1504 4066 et

315 4131 528 4197 Lucullum.»
574 4129 630 4193 llis
661 4129 743 4192 bene
769 4127 930 4216 perpensis
957 4112 1053 4189 facile
1083 4122 1245 4200 adducor,
1282 4134 1318 4186 ut
1352 4144 1503 4211 reponam

308 4261 459 4343 praeter
479 4272 546 4315 eos.

360 4372 396 4437 ln
422 4375 439 4456 §
465 4376 496 4435 4³
511 4370 660 4457 legimus:
689 4369 881 4453 «Quoniam
905 4367 1031 4432 nullum
1051 4365 1356 4430 senatusconsultum
1382 4376 1501 4441 exstat,

316 4517 378 4582 quo
402 4491 544 4556 reductio
568 4489 649 4578 regis
672 4489 917 4555 Alexandrini
934 4486 992 4553 tibi
1023 4486 1207 4574 ademptum
1226 4487 1302 4550 sit»
1326 4497 1387 4552 oet.
1437 4482 1504 4547 Rex

316 4613 444 4700 quidem
468 4611 686 4701 Aegyptius,
718 4622 753 4674 ut
785 4622 916 4675 vocatur
936 4610 968 4674 iu
994 4609 1096 4673 Pison.
1127 4611 1182 4672 bl.
1206 4612 1272 4687 48,
1308 4607 1404 4672 etiam
1428 4601 1504 4668 alibi

316 4734 434 4802 dieitur
457 4733 751 4812 Alexandrinus,
785 4731 837 4799 sed
863 4732 1013 4820 quoniam
1039 4730 1076 4795 ad
1102 4730 1276 4796 Lentulum
1300 4726 1427 4803 scribit,
1452 4726 1504 4792 eui
