3542 5492
849 447 888 509 21

325 629 481 695 Admonet
511 653 563 696 me
592 630 646 696 hic
676 630 784 710 locus,
818 643 852 697 nt
884 631 975 697 111111
997 630 1251 698 emendationem
1275 631 1460 697 confirmem

278 755 310 817 in
344 751 449 816 Pison.
483 774 511 816 1.
542 757 562 816 3
587 754 605 836 §
629 755 670 817 6:
720 777 741 816 κ
752 753 831 819 111111
853 766 960 843 togato
983 753 1139 834 Senatus,
1162 775 1248 832 non,
1273 764 1309 818 nt
1331 751 1460 830 multis,

276 873 355 937 bene
377 880 521 961 gestae,
545 872 598 938 sed
610 921 619 951 ,
646 885 681 938 ut
699 875 840 953 nemini,
866 884 1094 940 conservatae
1115 874 1328 965 reipublicae,
1352 873 1462 963 singn-

275 992 334 1057 lari
365 1013 480 1080 genere
510 993 763 1082 supplicationis,
791 964 925 1061 deorum
947 996 1174 1061 immortalium
1196 995 1316 1085 templa
1338 992 1459 1083 patefe-

275 1114 357 1179 cit.»
392 1111 564 1178 Lambinus
586 1115 717 1179 inseruit
735 1127 806 1204 post
822 1117 1113 1206 supplicationem
1125 1138 1212 1181 roco.
1228 1117 1476 1179 testimoniam·

278 1231 377 1296 dedit
408 1240 463 1312 et,
496 1245 531 1298 ut
558 1233 702 1314 ridetur,
726 1258 763 1300 11
787 1236 869 1301 Phil.
896 1236 940 1302 11.
967 1238 985 1321 §
1012 1239 1053 1301 2.
1077 1247 1110 1301 11
1134 1235 1174 1299 ad
1198 1233 1265 1301 111.
1291 1233 1335 1300 11.
1363 1256 1416 1322 ep.
1443 1239 1459 1297 l

281 1355 299 1437 §
325 1355 356 1417 6.
405 1352 520 1418 Bakius
544 1366 649 1419 autem
674 1353 796 1442 (Sahal.
822 1355 908 1446 Hyp.
934 1356 991 1422 lv.
1015 1379 1089 1446 pag.
1112 1355 1209 1444 299)1
1258 1351 1353 1420 «Sed
1372 1353 1462 1442 geni·

277 1473 354 1537 11111
386 1480 576 1561 5111111-
599 1485 826 1541 conservatae
855 1480 945 1566 reip.
966 1477 1056 1542 nulla
1079 1477 1201 1564 syntaxi
1222 1473 1351 1540 delendi
1372 1496 1461 1563 posse

275 1603 373 1682 puto:
409 1615 514 1680 neque
545 1596 630 1659 enim
662 1595 861 1684 probandum
885 1598 1100 1688 supplicatio
1122 1598 1203 1661 leae
1223 1604 1346 1686 gestae
1368 1597 1459 1684 resp.

276 1724 307 1778 11
341 1711 508 1777 mutandos
542 1737 655 1780 censeo
690 1717 723 1780 in
760 1715 960 1782 Ablatiros.»
1014 1717 1117 1783 Locus
1149 1715 1295 1782 laudatus
1327 1711 1460 1804 pulcbre

276 1832 475 1911 corroborat,
502 1855 582 1922 quae
606 1857 664 1924 per
686 1858 719 1900 11
743 1848 832 1902 erant
856 1838 890 1903 in
913 1839 1031 1928 aprico.
1081 1835 1144 1903 Sed
1167 1839 1295 1926 insuper
1315 1832 1459 1899 desidero

277 1955 311 2018 in
344 1954 464 2041 syntaxi
495 1954 662 2020 verborum
691 1958 872 2044 siayalari
900 1979 1028 2047 genere
1055 1957 1329 2047 supplicationis
1350 1973 1461 2020 rocem

280 2073 416 2138 decreto
440 2075 479 2139 cf.
504 2075 598 2140 etiam
623 2074 706 2140 Phil.
733 2077 776 2142 11.
804 2079 822 2162 §
850 2082 901 2142 13.

323 2194 360 2260 In
394 2217 446 2283 ep.
480 2196 520 2260 13
554 2198 571 2280 §
603 2201 624 2261 3
658 2195 741 2284 (fin.)
773 2197 908 2286 legitur:
958 2196 1104 2286 «llignas
1131 2219 1179 2261 res
1199 2217 1265 2261 esse
1287 2194 1407 2259 honore
1429 2204 1461 2258 et

277 2315 485 2404 gratulatione
515 2316 677 2404 cognoscis
708 2339 745 2381 11
777 2317 814 2382 iis
844 2317 976 2395 litteris,
1009 2338 1087 2405 quas
1118 2314 1157 2379 ad
1186 2326 1217 2380 te
1244 2326 1276 2380 et
1306 2312 1461 2402 collegam

280 2448 312 2500 et
342 2434 494 2501 Senatum
517 2437 658 2526 palliae
681 2436 789 2502 misi.»
836 2437 943 2504 Facile
965 2437 1074 2526 paucis
1097 2435 1199 2502 serbis
1222 2435 1346 2501 vincam
1368 2445 1461 2522 turpe

280 2555 434 2621 emblema
465 2554 648 2621 habendum
679 2579 744 2622 esse
773 2579 842 2622 111.
870 2558 1022 2646 palliae.
1072 2555 1154 2623 Satis
1175 2567 1287 2621 uotum
1310 2566 1375 2632 est,
1400 2553 1461 2618 im·

280 2688 454 2765 peratores,
483 2679 540 2766 qui
572 2677 700 2742 honoris
730 2675 850 2766 aliquid
872 2699 930 2766 pro
954 2676 1048 2743 rebus
1070 2676 1163 2766 gestis
1186 2687 1351 2765 peterent,
1375 2673 1461 2740 litte·

279 2819 327 2862 ras
356 2798 481 2864 mittere
512 2799 667 2864 laureatas
699 2797 738 2863 ad
767 2797 932 2865 Senatum.
983 2798 1071 2883 Quae
1101 2796 1212 2887 petitio
1235 2807 1271 2861 ut
1294 2795 1384 2860 lieret
1407 2793 1462 2859 lir-

278 2916 374 2996 mior,
412 2918 609 2984 conabantur
642 2919 795 3008 imprimis
831 2918 891 2984 sibi
925 2918 1094 2984 conciliare
1129 2916 1262 3006 gratiam
1297 2914 1462 2981 consulum

281 3049 518 3127 ceterorumque
550 3039 737 3117 hominum,
767 3039 822 3128 qui
845 3039 878 3103 in
902 3061 970 3128 rep.
994 3038 1172 3128 pollerent,
1195 3049 1228 3102 et
1251 3035 1292 3100 ab
1314 3035 1363 3101 his
1386 3057 1463 3100 con-

281 3156 470 3237 tendebant,
504 3169 541 3222 ut
563 3157 749 3247 dignitatem
769 3170 954 3237 tuerentur,
979 3180 1058 3225 uere
1078 3159 1218 3248 ipsorum
1238 3155 1382 3222 detssent
1404 3153 1464 3221 ho·

278 3279 358 3343 nori.
384 3278 454 3344 1111
478 3278 607 3344 oonsilio
630 3279 750 3345 litteras
774 3277 963 3358 mittebant,
987 3278 1021 3344 in
1043 3275 1159 3366 quibus
1172 3275 1307 3365 agebant
1319 3274 1358 3342 de
1370 3273 1465 3341 rebus

278 3399 387 3487 gestis,
423 3411 594 3488 antequam
615 3400 699 3489 ipsae
723 3399 847 3466 litterae
869 3400 1028 3466 laureatae
1052 3397 1186 3463 Romam
1208 3395 1462 3485 perferebantur.

279 3518 381 3584 Huius
405 3521 451 3584 rei
473 3519 652 3608 exemplum
675 3518 829 3586 babemus
852 3543 903 3610 ep.
931 3523 951 3585 4
974 3519 1009 3585 b.
1034 3519 1057 3585 1.

324 3638 421 3704 Aliud
455 3639 634 3728 exemplum
658 3663 690 3706 se
713 3641 804 3706 offert
835 3642 868 3706 in
893 3640 963 3707 Lib.
988 3639 1026 3706 Χ.
1063 3663 1114 3728 ep.
1140 3642 1181 3703 12
1217 3640 1298 3724 §22
1335 3634 1464 3700 «Paulo

277 3771 347 3849 post
370 3758 453 3824 idem
478 3758 557 3824 mibi
584 3760 769 3848 [Munatius]
800 3759 868 3849 (sic)
894 3783 947 3826 eas
963 3759 1083 3826 litteras
1098 3757 1247 3847 legendas
1259 3755 1365 3833 dedit,
1387 3778 1465 3845 quas

277 3879 337 3968 ipsi
359 3880 487 3945 miseras
509 3891 541 3946 et
565 3903 638 3958 111,
664 3902 740 3969 quas
757 3881 910 3972 pellice.
923 3904 944 3945 >r
991 3880 1048 3945 llis
1065 3878 1105 3945 de
1124 3877 1224 3946 causis
1248 3874 1331 3942 istud
1344 3875 1464 3969 palli·

278 4021 315 4064 ce
337 4000 490 4079 tollatur,
516 3999 625 4089 quod,
650 4001 772 4067 etiamsi
796 4025 860 4067 non
884 4014 1030 4092 ageretur
1047 4000 1087 4066 de
1103 3998 1231 4066 dirersis
1252 3997 1383 4076 litteris,
1407 3997 1463 4064 tri·

278 4119 350 4208 gide
373 4119 558 4186 abundaret.
584 4121 625 4186 11.
649 4132 681 4186 11
704 4145 755 4211 ep.
778 4128 799 4188 3
823 4135 855 4188 et
878 4146 928 4213 ep.
949 4126 981 4188 9.

324 4240 431 4325 Quum
450 4239 541 4330 plura
565 4241 707 4330 exempla
730 4243 980 4334 corruptelarum
1003 4265 1097 4308 omne
1120 4261 1219 4331 genus
1242 4259 1365 4328 possem
1386 4260 1462 4327 prc-

278 4360 382 4438 ferre,
406 4382 493 4425 nunc
517 4361 646 4450 quidem
678 4383 715 4426 ea
737 4362 877 4430 indicare
906 4360 1093 4454 supersedeo
1118 4374 1150 4430 et
1172 4361 1271 4426 linem
1294 4359 1407 4426 faciam
1431 4360 1464 4424 in

279 4503 343 4544 nno
367 4491 399 4547 et
423 4480 522 4545 altero
546 4481 616 4547 loco
637 4505 673 4547 11
693 4483 796 4572 pottis
819 4484 950 4550 Latinis.

324 4600 561 4690 Peerlkampius
586 4603 618 4665 in
638 4604 761 4692 egregia
782 4604 920 4671 editione
941 4605 1014 4670 satis
1032 4603 1146 4670 habuit
1165 4601 1336 4668 ostendisse
1355 4601 1464 4667 vitium

279 4723 443 4789 metricum
469 4722 660 4811 reliquitque
683 4724 911 4814 expediendum
935 4726 968 4791 in
994 4727 1079 4814 Virp.
1107 4726 1184 4793 den.
1209 4721 1253 4790 11.
1279 4745 1323 4788 11.
1347 4726 1377 4786 2.
