3542 5492
884 437 925 500 22

362 622 562 710 Quamquam
585 621 706 685 animus
729 621 909 687 meminisse
931 621 1061 699 horret,
1085 620 1239 710 luctuque
1263 622 1388 711 refugit.

313 741 402 807 Idem
426 741 573 830 cogitarit
591 749 708 830 potita,
734 740 818 830 quod
843 739 973 808 Ovidius
994 743 1028 808 in
1049 741 1177 808 Metam.
1199 740 1273 806 XII.
1298 765 1341 806 vs.
1361 745 1436 807 543.

360 861 467 927 Tristis
485 859 618 926 adhaec
639 861 767 949 Pylius:
795 861 909 947 «Quid
932 885 983 927 me
1004 861 1184 928 meminisse
1203 861 1359 927 malorum

358 980 467 1070 Cogis,
493 993 525 1046 et
546 980 697 1047 obductos
722 983 810 1047 annis
833 982 1036 1046 rescindere
1055 983 1214 1047 luctus.»

315 1114 348 1166 et
369 1101 460 1167 Trist.
487 1101 513 1166 I.
539 1104 568 1166 1.
605 1125 649 1168 rs.
677 1105 753 1169 103.
786 1125 858 1168 «ne
889 1121 979 1169 stou
1010 1105 1189 1167 resaeviat
1214 1103 1306 1167 ira.»
1359 1100 1412 1167 Sic
1431 1102 1496 1191 ipse

313 1221 398 1287 canit
424 1220 506 1310 (Lib.
528 1221 586 1287 IV.
612 1245 656 1286 vs.
672 1220 762 1308 551).

446 1342 648 1431 Ingeminant
663 1341 766 1408 'curae
781 1366 788 1406 :
815 1365 985 1430 rursusque
1008 1364 1200 1431 resurgens

450 1461 574 1528 Saeuit
593 1484 707 1542 amor,
733 1485 912 1552 magnoque
930 1463 1050 1528 irarum
1069 1464 1204 1528 fluctuat
1227 1474 1325 1527 aestu.

313 1582 394 1649 Satis
417 1582 522 1672 placet
545 1582 732 1649 restituere:

358 1705 557 1792 Quamquam
577 1703 699 1768 animus
722 1704 902 1786 meminisse
924 1703 1031 1770 horret
1055 1706 1235 1791 luctusque
1258 1705 1426 1790 resurgit.

356 1823 393 1888 ln
422 1824 526 1889 iocosa
549 1836 638 1914 parte
670 1822 983 1890 OvidiiMea.X111.
1015 1848 1059 1890 rs.
1080 1828 1169 1903 834,
1199 1822 1256 1888 ubi
1279 1821 1413 1910 Cyclops
1435 1822 1495 1886 lla·

310 1967 403 2034 grans
439 1966 545 2009 amore
575 1943 736 2010 Galateam
767 1944 963 2033 alloquitur,
998 1945 1081 2010 inter
1114 1944 1174 2009 alia
1206 1943 1291 2008 lectu
1315 1941 1496 2030 dignissima

312 2063 514 2130 haecdicit:

358 2184 496 2250 «Inueni
514 2186 655 2274 geminos
670 2184 803 2273 (catulos
822 2183 944 2272 ursae),
958 2189 1020 2273 qui
1040 2193 1147 2249 tecum
1165 2184 1286 2247 ludere
1294 2186 1472 2273 possint.»

359 2306 434 2390 Quis
464 2327 528 2369 non
564 2306 678 2370 statim·
702 2304 761 2371 sibi
785 2307 819 2371 in
848 2317 989 2370 mentem
1019 2315 1144 2370 revocat
1166 2301 1393 2392 lepidissimum
1416 2301 1495 2367 illud

313 2423 432 2491 Catulli
455 2447 585 2494 carmen
611 2424 692 2511 (ll),
718 2424 802 2513 quod
825 2424 1009 2490 inscribitur
1027 2423 1089 2490 Ad
1109 2422 1255 2488 Lesbiae
1272 2444 1467 2511 passerem.

493 2543 623 2623 Passer,
648 2544 779 2610 deliciae
800 2566 889 2611 meae
912 2543 1061 2634 puellae,

496 2665 639 2753 Quicum
661 2666 801 2745 ludere,
827 2689 923 2755 quem
947 2665 981 2730 in
1004 2666 1075 2730 sinu
1094 2676 1221 2741 tenere,
1246 2674 1306 2728 oet.

312 2798 343 2852 et
374 2785 460 2851 addit
489 2787 640 2852 continuo
675 2786 781 2852 locum
817 2787 1013 2852 simillimum
1042 2809 1079 2851 er
1114 2785 1219 2851 Plant.
1244 2782 1330 2872 Capt.
1357 2785 1428 2847 Act.
1455 2783 1494 2846 V.

261 2933 264 2943 ¹
313 2928 357 2972 so.
378 2906 434 2971 lV.
458 2929 487 2970 v.
510 2910 542 2970 5.

357 3026 440 3093 Nam
460 3017 515 3092 ubi
531 3025 587 3092 illo
611 3026 747 3105 adveni,
773 3027 863 3115 quasi
885 3025 1025 3115 patriciis
1044 3025 1150 3115 pueris
1170 3035 1224 3091 aut
1243 3024 1450 3102 monedulae,

359 3146 423 3213 lut
450 3159 580 3225 anates,
606 3159 661 3211 out
684 3147 862 3213 coturnices
882 3146 1022 3226 dantur,
1047 3149 1183 3234 quicum
1203 3147 1361 3210 lusiteut.

359 3267 405 3332 Er
429 3290 492 3356 quo
513 3267 584 3334 loco
607 3280 769 3357 praeterea
792 3279 879 3358 patet
899 3271 1035 3355 quicum
1058 3289 1115 3355 pro
1138 3265 1336 3353 quibuscum
1356 3286 1419 3329 non
1443 3264 1497 3329 ab·

313 3385 441 3454 horrere
466 3411 483 3452 a
510 3411 654 3454 sermone
675 3389 813 3466 Latino,
845 3409 950 3475 neque
973 3385 1052 3452 haec
1074 3385 1190 3476 poterit
1213 3408 1279 3450 esse
1301 3407 1418 3464 causa,
1443 3407 1500 3451 cur

314 3530 493 3574 recusemus
538 3508 707 3574 emendare
737 3509 770 3574 in
816 3506 956 3585 ovidio,
990 3505 1075 3597 quod
1117 3505 1263 3571 conuenit
1298 3506 1347 3572 illi
1381 3506 1497 3585 aetati,

210 3617 214 3626 ⁴
318 3650 456 3717 nempe:

472 3748 614 3814 «Inveni
637 3750 800 3838 geminos,
826 3752 962 3836 quicum
983 3756 1020 3811 tu
1043 3745 1153 3812 ludere
1169 3751 1337 3835 possis.»

359 3866 443 3934 Nam
481 3890 545 3934 non
589 3868 739 3935 credibile
774 3880 820 3934 est
865 3866 1012 3934 Ovidium
1052 3870 1158 3931 metri
1196 3888 1289 3932 eausa
1330 3868 1500 3957 neglexisse

315 3987 441 4078 pulchri
472 4012 621 4069 sensnm,
655 4000 687 4055 et
721 3988 857 4054 noluisse
886 3989 934 4054 uti
956 3989 1057 4054 forma
1080 3987 1276 4078 antiquiori,
1310 3988 1386 4055 licet
1407 4012 1501 4058 aurea

318 4121 419 4174 aetate
442 4112 579 4196 quicum
602 4132 659 4199 pro
683 4109 881 4197 quibuscum
898 4132 1025 4199 perrara
1048 4108 1169 4174 dictum
1192 4111 1243 4176 sit.

363 4228 400 4294 ln
425 4228 536 4295 eodem
559 4228 641 4294 libro
665 4251 710 4295 rs.
732 4234 786 4295 61.
846 4228 923 4295 Aiax
956 4230 995 4296 de
1030 4229 1165 4317 Ulysse,
1201 4229 1376 4296 Palamedis
1399 4230 1502 4297 caedis

319 4361 472 4428 auctore,
499 4349 538 4414 ad
565 4348 699 4415 Graecos
723 4350 806 4415 inter
826 4349 887 4414 alia
911 4348 1012 4416 dicit:

549 4469 631 4560 llrgo
657 4481 711 4535 aut
733 4469 838 4535 exsilio
860 4471 938 4536 vires
958 4470 1105 4537 subduxit
1130 4469 1256 4537 Achivis

548 4590 611 4657 lut
629 4613 718 4656 nece.

366 4709 529 4778 Pulchrior
552 4709 630 4777 mihi
654 4711 778 4779 ridetur
798 4712 975 4778 sententia:
