3542 5492
559 1353 561 1357 ψ
667 1232 828 1324 rlss
865 1229 1140 1326 Anrnsl.

849 1533 955 1568 ..εμ-

356 1773 461 1859 Quum
492 1773 620 1841 biennio
645 1785 719 1840 ante
741 1774 774 1840 in
803 1773 1000 1840 Bibliotheca
1025 1774 1218 1864 Philologica
1241 1776 1383 1854 Bataua,
1408 1797 1490 1864 quae

309 1894 514 1983 Mnemosyne
526 1895 658 1974 dicitur,
672 1895 711 1962 de
721 1893 881 1962 Ciceronis
889 1896 1027 1985 epistolis
1037 1895 1075 1960 ed
1086 1896 1268 1963 Familiares
1275 1896 1487 1987 disputabam,

306 2036 370 2080 non
393 2027 538 2106 putaram
562 2038 613 2081 me
636 2027 702 2080 tam
725 2016 788 2081 cito
812 2015 850 2080 ed
874 2015 1007 2081 eandem
1027 2014 1272 2105 disputationem
1290 2016 1486 2094 rediturum,

307 2137 380 2215 sed,
416 2149 451 2202 ut
475 2138 622 2227 opinione
658 2135 790 2203 celerius
824 2137 893 2202 illas
917 2137 1063 2226 epistolas
1098 2139 1131 2203 in
1159 2161 1272 2204 manus
1302 2142 1487 2227 sumpserim

305 2255 472 2345 denuoque
494 2269 685 2346 pertractare
709 2257 858 2346 cupiam,
884 2279 965 2322 nora
987 2258 1062 2323 lecit
1085 2257 1180 2322 editio
1205 2257 1444 2339 Teubneriana,
1469 2284 1487 2326 a

305 2376 445 2456 Klotzio,
477 2377 543 2441 viro
565 2376 854 2466 praestantissimo,
879 2389 999 2442 curata.
1050 2375 1207 2442 Videbam
1229 2378 1313 2442 enim
1336 2379 1371 2443 in
1393 2379 1488 2446 huius

304 2496 450 2564 editionis
471 2497 666 2587 praefatione
694 2496 863 2561 nonnullos
895 2495 981 2561 locos
1016 2497 1059 2561 ite
1084 2496 1289 2576 emendatos,
1315 2511 1404 2566 utet
1428 2524 1486 2591 ego

304 2617 490 2709 iampridem
509 2616 579 2683 illos
599 2638 794 2683 correxeram
811 2617 909 2705 inque
929 2629 1050 2683 textum
1062 2629 1187 2707 recepta
1204 2617 1378 2706 quaedam,
1405 2642 1485 2708 quae

304 2738 426 2804 dudum
450 2760 467 2801 a
487 2760 538 2803 me
562 2759 689 2826 quoque
711 2750 801 2804 erant
824 2750 960 2826 reperta.
1012 2738 1228 2823 Quibuscum
1252 2738 1312 2803 alia
1335 2739 1406 2803 satis
1425 2739 1483 2802 bo-

303 2883 344 2925 na
368 2857 483 2923 addere
504 2880 556 2922 me
579 2879 669 2947 posse
692 2856 870 2936 confidam,
896 2880 962 2922 non
987 2856 1105 2924 diutius
1128 2857 1300 2947 premenda
1320 2858 1482 2939 ridentur,

304 3001 385 3069 quae
403 2978 586 3044 etiamnunc
609 2977 694 3044 male
716 2990 845 3067 accepta
868 3000 935 3043 esse
959 2977 1103 3044 arbitror.
1150 2977 1262 3066 ltaque
1283 2977 1332 3044 bis
1354 2976 1484 3068 pagellis

303 3101 335 3165 in
358 3100 445 3164 hunc
469 3098 566 3163 finem
590 3119 702 3163 usurus
725 3120 807 3164 sum.

347 3220 385 3285 ln
405 3218 565 3309 epistolis,
591 3241 674 3307 quae
690 3219 805 3286 iniuria
828 3218 1045 3284 inscribuntur
1068 3217 1119 3281 ad
1139 3216 1377 3294 Familiares,
1401 3229 1482 3282 totos

303 3365 359 3407 nos
382 3339 519 3430 pendere
551 3337 591 3403 ab
616 3361 680 3403 uno
704 3336 811 3403 codice
845 3336 1008 3411 Medieeo,
1035 3359 1071 3401 eo
1084 3336 1195 3425 magis
1218 3334 1390 3401 dolendum
1411 3350 1481 3416 est,

303 3460 388 3552 quod
409 3483 449 3526 ne
472 3459 525 3525 hic
547 3458 675 3547 quidem
699 3456 795 3523 codex
814 3479 932 3521 vacuus
955 3469 1001 3522 est
1024 3456 1208 3546 turpissimis
1232 3457 1482 3547 interpolationi-

302 3582 361 3647 bus
399 3579 622 3670 scripturisque
656 3576 811 3643 absurdis.
869 3577 1011 3642 Klotaius
1053 3576 1113 3642 boc
1147 3577 1262 3642 iterum
1297 3590 1329 3643 et
1361 3577 1481 3668 liquido

300 3699 547 3778 demonstrarit,
584 3721 676 3787 saepe
709 3718 797 3762 more
829 3719 884 3763 suo
916 3698 950 3762 in
981 3696 1123 3762 sordibus
1147 3698 1344 3787 sagacissime
1374 3720 1479 3764 reram

302 3821 462 3890 Ciceronis
490 3842 621 3886 manum
643 3817 795 3907 indagans
823 3829 856 3883 et
884 3817 1057 3884 inveniens.
1105 3818 1170 3884 Nos
1202 3819 1312 3886 ordine
1334 3820 1480 3910 epistolas

299 3961 518 4035 percurremus
563 3950 595 4005 et
640 3939 829 4028 attingemus
873 3939 1013 4028 primum
1058 3939 1146 4005 Libri
1192 3941 1287 4030 primi
1331 3941 1480 4030 epistolae

298 4065 419 4155 primae
450 4059 681 4152 paragraphum
709 4058 864 4148 primam,
890 4057 945 4123 ubi
968 4059 1133 4165 scribitur:
1183 4061 1308 4151 «Regis
1330 4083 1423 4125 causa
1454 4062 1480 4126 si

300 4184 470 4274 quisunt,
496 4181 550 4270 qui
573 4178 694 4257 velint,
731 4178 786 4266 qui
810 4182 924 4268 pauci
950 4188 1055 4257 sunt,
1092 4203 1199 4246 omnes
1231 4203 1297 4246 rem
1322 4180 1362 4246 ad
1386 4181 1479 4246 Pom-

298 4304 407 4396 peium
437 4301 552 4368 deferri
581 4299 701 4366 volunt.
714 4321 735 4362 »
782 4295 914 4388 Semper
947 4297 1027 4363 mihi
1053 4297 1148 4365 rerba
1171 4302 1234 4387 qui
1255 4303 1368 4389 pauci
1398 4309 1481 4365 sunt

299 4421 448 4514 languida
479 4421 542 4486 risa
570 4432 643 4486 sunt
670 4432 724 4498 et,
750 4417 834 4508 quod
857 4417 929 4507 plus
951 4430 1015 4497 est,
1040 4420 1253 4498 inconcinna,
1279 4419 1328 4486 rel
1351 4431 1480 4510 propter

299 4545 379 4612 illud
402 4565 577 4635 pronomen
608 4545 670 4630 qui
695 4539 876 4606 brevissimo
901 4540 1000 4630 spatio
1021 4551 1069 4606 ter
1092 4541 1273 4630 repetitum.
1318 4538 1418 4628 Saepe
1441 4562 1477 4604 ca

297 4665 432 4732 delenda
455 4686 520 4731 esse
545 4685 672 4729 mecum
696 4660 813 4740 statui,
839 4658 892 4726 sed
920 4681 983 4726 una
1006 4660 1055 4726 ria
1079 4660 1187 4728 salutis
1210 4673 1316 4751 patere
1340 4657 1474 4727 ridetur.
