3542 5492
846 453 885 514 45

271 644 290 725 §
311 643 331 703 4
353 635 544 704 eiicieudum
564 650 611 704 est
631 637 788 728 Lepidus
806 649 879 702 ante
903 640 1190 714 concionandum·
1214 638 1248 702 in
1270 639 1343 722 §oz
1366 639 1459 705 «Iac

273 758 374 825 valeas
398 780 515 847 meque
538 757 665 847 diligas,
679 781 700 820 »
735 743 780 824 est
804 770 913 823 contra
944 756 1204 823 consuetudinem
1235 758 1368 837 Planci,
1403 761 1458 849 qui

276 879 351 945 solet
376 878 514 945 scribere
537 901 680 968 «meque
704 886 819 943 mutuo
842 877 976 967 diligas,
1003 877 1086 967 quod
1105 877 1199 944 laeile
1220 881 1324 970 potuit
1344 880 1456 946 omitti.

273 998 427 1067 Ceterum
457 1011 543 1066 recte
576 998 693 1066 dicitur
723 999 804 1064 bene
822 1000 902 1063 eale
922 1007 957 1063 et
977 1021 1029 1063 me
1048 997 1160 1087 dilige
1182 1000 1225 1066 ef.
1252 999 1308 1065 llI.
1342 1021 1393 1090 ep.
1415 1003 1459 1065 28

272 1135 304 1187 et
328 1120 402 1186 XII.
429 1144 478 1211 ep.
501 1123 541 1186 12
561 1134 640 1186 extr.

319 1240 356 1306 ln
379 1264 431 1331 ep.
455 1245 497 1306 bl
523 1243 596 1326 §tiz
635 1240 758 1327 «Quod
781 1241 856 1306 sirit
880 1243 1036 1306 latonius
1060 1241 1185 1319 hodie,
1211 1239 1295 1331 qaod
1319 1239 1457 1331 Lepidus

276 1383 338 1426 una
360 1374 431 1442 est,
458 1360 543 1450 quod
567 1362 720 1428 exercitus
739 1361 859 1428 habent
881 1385 945 1427 non
967 1360 1235 1440 contemnendos,
1268 1360 1353 1451 qaod
1385 1385 1457 1451 spe·

277 1493 367 1560 rant,
394 1481 479 1570 quod
504 1481 643 1562 audent,
677 1505 769 1550 omne
795 1481 922 1550 Caesari
951 1496 1117 1574 acceptum
1144 1483 1261 1550 referre
1283 1495 1458 1572 possunt.»

278 1602 477 1668 Vocabulum
499 1603 601 1668 hodie
620 1603 682 1669 hoc
704 1604 773 1670 loeo
797 1604 877 1670 nihil
901 1605 1078 1694 significare
1100 1603 1273 1683 concedas,
1297 1603 1357 1670 nisi
1377 1603 1459 1670 forte

276 1721 376 1788 eredis
399 1723 501 1788 hodie
527 1724 602 1814 poni
623 1747 712 1814 posse
734 1748 792 1815 pro
815 1725 941 1790 adhuc.
1002 1725 1093 1811 Quod
1115 1738 1152 1792 ut
1175 1747 1285 1791 rernm
1316 1747 1382 1790 esse
1403 1723 1460 1790 de·

273 1855 487 1924 monstretur,
512 1844 606 1910 huius
626 1867 700 1910 usus
721 1845 862 1936 exempla
883 1845 1041 1912 afferenda
1060 1858 1153 1925 suat,
1179 1869 1261 1935 quae
1284 1867 1349 1909 non
1365 1844 1459 1910 facile

271 1966 306 2030 in
329 1963 471 2030 medium
493 1964 702 2055 proferentur.
751 1965 835 2031 Dicit
866 1966 1000 2033 Plancus
1024 1966 1135 2032 eodem
1168 1965 1235 2032 lere
1258 1964 1374 2046 modo,
1395 1988 1459 2054 quo

275 2082 388 2152 Cicero
425 2084 532 2151 scribit
560 2085 717 2152 Trebonio
753 2109 803 2175 ep.
829 2089 870 2151 48
902 2088 976 2171 §l:
1013 2084 1134 2171 «Quod
1157 2121 1203 2136 -·-
1226 2097 1281 2150 tao
1303 2084 1460 2152 beneficio

274 2205 390 2270 adhuc
408 2208 498 2269 civit
520 2205 600 2272 haec
620 2207 740 2296 pestis,
764 2205 925 2270 interdum
945 2205 1004 2271 tibi
1027 2205 1222 2285 subirascor,
1247 2205 1318 2270 coll.
1343 2229 1395 2295 ep.
1416 2210 1460 2272 23

276 2328 358 2411 §4;
387 2325 479 2395 0rid.
501 2327 577 2393 Met.
600 2326 670 2394 llll.
706 2351 750 2392 rs.
775 2329 852 2392 593.
902 2325 937 2393 si
960 2327 1031 2416 quis
1053 2326 1095 2392 ob
1121 2326 1324 2418 epanalepsin
1348 2329 1459 2394 rescri-

278 2445 352 2511 bere
371 2447 445 2513 velit
465 2448 580 2512 adhuc
602 2471 659 2538 pro
679 2448 804 2527 hodie,
829 2471 894 2514 non
910 2449 1108 2539 refragabor3
1135 2449 1183 2514 sin
1206 2450 1332 2527 minus,
1354 2471 1460 2514 ernen-

284 2563 383 2630 dabot
416 2568 537 2655 «Quod
560 2569 635 2632 ririt
659 2568 815 2632 Antonius
838 2567 997 2657 hodieque
1021 2567 1158 2656 Lepidus
1181 2589 1244 2631 nna
1267 2579 1355 2632 est.»

331 2684 366 2752 ln
389 2711 436 2780 ep.
453 2694 495 2755 25
521 2691 592 2774 §l:
619 2711 640 2751 <r
651 2687 686 2754 Si
708 2689 858 2766 interest,
882 2686 935 2766 id,
961 2686 1046 2776 quod
1070 2687 1223 2750 homines
1246 2684 1459 2766 arbitrantur,

277 2794 469 2901 reipublicae
503 2821 535 2876 te
563 2847 609 2859 -
632 2832 747 2876 navare
782 2831 930 2899 operam,
967 2807 1048 2874 nibil
1077 2806 1190 2873 rideris
1212 2843 1259 2855 —
1280 2843 1326 2856 -
1348 2807 1462 2873 melius

276 2934 379 3000 facere
410 2953 542 3022 posse.»
601 2930 740 2996 Praestat
770 2954 922 3020 reponere
946 2953 1060 2994 omnes
1091 2951 1148 3018 pro
1181 2930 1343 2993 homines.
1391 2928 1463 3017 Ipse

276 3053 390 3121 (liceto
414 3051 523 3118 scribit
553 3051 587 3116 in
621 3063 759 3116 extrema
783 3049 935 3140 epistola:
972 3048 1126 3113 omnibus
1148 3046 1276 3137 probari
1298 3047 1464 3113 ridebatur

275 3173 373 3241 oratio
397 3193 521 3251 mea,>›
545 3183 577 3236 et
596 3193 715 3260 supra:
741 3182 935 3260 «praeterea
958 3169 1043 3233 fama
1066 3169 1261 3256 scientiaque
1280 3169 1463 3234 omnium.»

276 3295 367 3362 Credi
387 3295 437 3359 rix
460 3305 586 3383 potest,
624 3313 718 3380 quam
744 3314 836 3382 saepe
860 3292 1012 3354 homines
1024 3338 1032 3367 ,
1058 3288 1209 3378 scriptum
1233 3291 1363 3352 omines
1386 3311 1465 3354 con·

275 3415 427 3482 fundatur
451 3437 525 3480 cum
551 3436 683 3492 omnes,
720 3425 755 3478 ut
787 3415 902 3477 omnia
934 3433 1008 3477 eum
1032 3412 1168 3487 omina,
1204 3411 1260 3472 vis
1283 3431 1357 3476 cum
1382 3412 1462 3487 inc,

275 3561 353 3602 mox
373 3559 447 3602 eum
469 3556 557 3614 nox,
579 3555 671 3598 mors
695 3555 768 3598 cum
787 3557 877 3611 mos,
903 3535 1010 3596 nimis
1031 3553 1105 3596 cum
1125 3531 1256 3593 animis
1271 3539 1334 3597 ete.

324 3659 383 3748 ΕΡ.
405 3661 449 3723 30
473 3655 592 3721 affatim
616 3652 732 3731 docet,
769 3674 866 3742 quam
900 3653 1007 3741 inepte
1041 3649 1280 3740 interpolatores
1314 3669 1465 3715 nonnun-

278 3800 374 3868 quam
395 3789 500 3867 agant.
548 3776 584 3841 ln
605 3776 695 3841 initio
719 3773 867 3862 epistolae
893 3771 1049 3838 Antonius
1066 3771 1182 3837 dicitur
1204 3772 1347 3838 eduxisse
1370 3770 1466 3860 legio·

276 3923 351 3966 uem
374 3897 561 3964 secundam
585 3909 616 3962 et
640 3899 797 3984 quintam
818 3897 1033 3960 tricesimam
1062 3905 1095 3958 et
1121 3892 1236 3958 deinde
1259 3894 1364 3983 copias
1388 3915 1466 3958 eon·

276 4021 406 4087 tinuisse
430 4018 469 4083 ad
494 4018 623 4084 Forum
654 4016 845 4083 Gallorum.
896 4013 994 4079 Paulo
1017 4025 1087 4103 post
1119 4014 1152 4078 in
1185 4016 1202 4099 §
1228 4019 1248 4079 3
1271 4025 1467 4079 memoretur

277 4141 395 4207 eadem
424 4141 507 4230 legio
535 4143 661 4228 quinta
685 4141 886 4214 tricesima,
919 4133 973 4201 sed
1008 4132 1135 4198 additur
1165 4134 1339 4216 Antonii,
1376 4135 1467 4223 quasi

276 4285 405 4328 necesse
428 4272 508 4327 esset
530 4259 591 4324 hoc
615 4257 747 4338 addere3
774 4270 842 4322 tum
873 4257 907 4320 in
938 4256 994 4339 §4
1017 4266 1211 4319 memoratur
1235 4255 1378 4333 «locus,
1412 4256 1467 4321 ubi

278 4395 345 4448 erat
368 4394 576 4472 pugnatum»
600 4393 632 4446 et
656 4381 761 4445 statim
784 4378 893 4444 inserit
917 4377 1022 4442 nescio
1047 4376 1117 4464 quis
1141 4375 1192 4440 nd
1221 4376 1350 4441 Forum
1380 4377 1468 4443 Gol-

281 4504 416 4581 lorum,
453 4523 648 4590 quamquam
670 4501 731 4566 hoc
759 4487 853 4564 modo
881 4497 1002 4562 dictum
1026 4508 1093 4561 erat
1116 4507 1148 4561 et
1171 4519 1208 4561 ex
1244 4508 1310 4562 tota
1334 4496 1468 4584 epistola

280 4637 424 4712 apertum
449 4634 506 4688 est.
567 4621 644 4686 ltem
671 4623 703 4688 in
728 4624 787 4706 §4
814 4619 969 4685 Antonius
1004 4616 1120 4682 dicitnr
1155 4640 1187 4682 se
1216 4617 1250 4683 in
1276 4631 1379 4684 eastra
1404 4641 1470 4682 suc

281 4748 457 4833 recepisse,
484 4757 516 4810 et
539 4765 579 4808 ne
592 4739 703 4808 Cicero
727 4745 910 4831 ignoraret,
935 4739 990 4803 ubi
1015 4751 1116 4803 eastra
1140 4739 1198 4803 site
1218 4753 1338 4817 essent,
1362 4736 1469 4806 adiec-
