3542 5492
836 441 869 500 '3

270 630 368 700 Testis
396 640 463 695 esto
492 628 558 717 ipse
591 623 700 692 cicero
730 623 763 689 in
794 645 845 710 ep.
879 623 918 688 nd
939 621 1098 692 11ω..Ὴ.
1124 646 1175 712 ep.
1204 625 1256 688 12.
1305 622 1449 710 «ltaque

269 751 413 817 homines
435 747 506 812 otia·
526 747 601 812 facti
624 757 733 810 sunt.»
756 756 787 809 et
811 743 941 808 Plautus
965 743 1051 809 Trin.
1078 743 1105 808 1.
1131 747 1164 808 2.
1193 746 1268 809 123.

404 869 465 934 Pro
487 867 520 932 di
542 865 755 943 immortales,
780 863 882 930 verbis
905 864 1013 954 paucis
1036 886 1133 952 qnam
1157 865 1219 931 cito

405 992 514 1054 alium
536 987 639 1054 fecisti
660 989 731 1052 me!
760 985 839 1051 alius
863 985 903 1050 ad
925 998 957 1051 te
980 1008 1138 1051 veneram.

279 1161 281 1168 .
315 1110 434 1177 Eadem
464 1108 615 1198 loquendi
644 1107 724 1173 ratio
756 1107 852 1172 etiam
884 1106 1011 1172 Graecis
1045 1106 1169 1172 ridetur
1198 1105 1294 1170 fuisse
1319 1104 1352 1188 in
1376 1127 1448 1170 usu.

272 1230 388 1298 Scribit
416 1230 544 1296 festivus
576 1226 808 1317 Theophrastus
831 1226 858 1291 Ι.
884 1251 918 1291 π.
944 1227 996 1308 sip.
1019 1226 1072 1290 xo}
1095 1225 1198 1304 λέγειν
1222 1225 1329 1290 ἑαυτὸν
1352 1223 1454 1306 ἕτερον

270 1350 449 1430 γεγονέναι,
480 1362 512 1415 et
544 1350 588 1414 sic
620 1346 707 1412 alibi.
758 1346 833 1432 Quis
861 1357 967 1412 autem
989 1369 1090 1436 aequo
1114 1347 1219 1410 animo
1241 1347 1340 1425 ferat,
1367 1345 1452 1435 quod

270 1494 356 1537 nunc
376 1471 491 1560 legitur
510 1469 543 1534 in
567 1467 729 1536 Demosth.
756 1466 882 1531 Phorm.
908 1489 981 1555 pag.
1007 1469 1089 1546 911,
1117 1466 1251 1555 (heich.)
1275 1464 1373 1548 ἕτερος
1396 1467 1453 1542 ἤδη

271 1588 305 1666 ἦν
336 1591 388 1658 καὶ
417 1592 478 1672 οὐχ
510 1589 524 1653 ὃ
555 1585 668 1658 otras?
717 1584 831 1652 Senior
860 1586 957 1651 exibit
983 1587 1156 1666 sententia,
1180 1587 1262 1652 siin
1286 1609 1373 1654 roco.
1399 1587 1451 1652 xci

271 1714 332 1793 οὐχ
364 1712 378 1776 ὃ
410 1709 522 1787 αὐτός,
554 1707 715 1797 agnoveris
745 1705 865 1770 librarii
888 1709 1030 1772 manum.
1078 1707 1160 1772 Nam
1185 1707 1452 1797 quemadmodum

273 1831 364 1922 opud,
388 1832 546 1896 Romanos
577 1852 609 1894 se
632 1851 681 1893 res
704 1825 825 1900 habet,¹
844 1826 889 1891 sic
911 1840 958 1892 est
980 1829 1076 1893 etiam
1099 1827 1182 1917 apud
1207 1829 1351 1894 Graecos.
1400 1830 1453 1895 lti-

274 1953 388 2018 cebant
417 1950 464 2016 illi
495 1963 550 2016 ant
575 1946 675 2030 ἕτερός
704 1949 768 2028 εἰμι
792 1959 847 2013 aut
869 1943 965 2012 οὐκέθ’
988 1947 1081 2021 αὑτός
1104 1950 1185 2027 εἶμι,
1208 1950 1260 2014 cui
1283 1951 1453 2039 opponitur

274 2069 366 2144 αὑτός
398 2073 473 2150 εἰμι.
522 2068 710 2137 conferatur
739 2066 778 2133 de
805 2067 865 2133 hac
890 2067 1049 2134 locutione
1081 2071 1206 2159 egregia
1235 2070 1453 2137 Valckenaerii

274 2192 434 2258 adnotatio
458 2190 496 2256 ad
522 2191 599 2256 Eur.
625 2189 745 2254 Phoen.
770 2211 815 2254 vs.
842 2191 921 2254 927.

319 2312 450 2403 Legitur
479 2313 514 2377 in
544 2310 616 2376 Lib.
650 2309 695 2376 ΙΙ.
727 2331 779 2398 ep.
812 2313 845 2375 7.
893 2308 997 2375 «Non
1028 2309 1129 2376 scribo
1159 2311 1221 2377 hoc
1243 2324 1375 2392 temere3
1402 2314 1455 2379 cui

275 2433 428 2511 scribam,
457 2430 561 2510 videm
587 2430 660 2495 novi
684 2430 943 2506 animum,'nori
966 2430 1151 2510 consilium,
1176 2455 1240 2499 non
1263 2456 1388 2514 vereor,
1414 2457 1455 2501 ne

277 2552 354 2641 quid
389 2551 529 2629 timide,
551 2539 599 2615 'ne
629 2549 705 2638 'qnid
728 2549 823 2614 stulte
845 2550 960 2629 iacias,
987 2552 1013 2615 si
1035 2575 1072 2655 ea
1092 2552 1260 2633 defendes,
1284 2577 1367 2643 quae
1388 2556 1455 2644 ipse

277 2684 364 2738 recta
387 2694 452 2737 esse
476 2671 626 2761 senties»
674 2671 872 2759 Quicumque
896 2673 1094 2761 cognoverit,
1120 2673 1213 2762 quale
1233 2673 1378 2741 Curionis
1397 2676 1454 2741 tri·
1519 2726 1521 2732 ,

273 2792 353 2858 huni
381 2792 427 2880 pl.
461 2791 527 2880 (cui
555 2789 635 2856 haec
665 2791 796 2880 epistola
823 2792 939 2881 scripta
966 2790 1025 2879 est)
1055 2793 1150 2858 fuerit
1173 2793 1355 2883 ingenium,
1381 2819 1453 2861 sen-

273 2915 331 2979 tiet
359 2935 423 2977 non
452 2933 577 2978 necesse
606 2910 720 2989 fuisse,
752 2923 787 2975 ut
816 2908 927 2977 Cicero
954 2925 1115 2978 vereretur
1141 2936 1182 2980 ne
1215 2912 1311 2980 Curio
1337 2916 1455 2983 faceret

278 3033 418 3112 timide,
451 3043 483 3098 et
513 3031 584 3096 ideo
607 3053 671 3094 non
694 3030 881 3119 perspiciet,
907 3053 965 3096 our
987 3031 1026 3096 de
1048 3032 1217 3099 timiditate
1238 3037 1357 3101 mentio
1381 3037 1455 3103 inii·

278 3156 388 3220 oiatur.
436 3153 474 3219 ln
509 3148 720 3240 superioribus
751 3147 861 3216 Cicero
892 3152 958 3240 ipse
988 3152 1114 3232 scribit,
1147 3157 1340 3222 «neminem
1370 3180 1454 3239 esse,

277 3276 332 3365 qui
361 3297 435 3340 cum
465 3272 562 3361 possit
592 3292 738 3360 superare
769 3269 921 3359 sapientia
931 3295 965 3350 ,›>
996 3284 1028 3338 et
1058 3273 1144 3339 addit
1175 3278 1344 3357 continuo,
1375 3303 1457 3368 quae

276 3393 415 3459 laudari.
471 3393 546 3477 Quis
579 3390 658 3456 mihi
692 3413 757 3456 non
791 3392 896 3458 statim
926 3391 1015 3458 dabit
1044 3416 1103 3483 pro
1134 3397 1256 3461 timide
1287 3397 1456 3488 legendum

277 3537 343 3581 esse
367 3510 521 3579 temere?

324 3636 406 3701 Nam
434 3633 520 3723 prior
541 3655 612 3721 pars
635 3634 809 3698 sententiae
832 3633 1076 3701 fundamentum
1102 3649 1148 3704 est
1171 3640 1367 3728 posterioris,
1394 3665 1457 3732 qua

279 3755 389 3823 Gioero
410 3752 522 3843 prohat
545 3775 636 3818 suum
659 3753 699 3819 de
724 3751 861 3820 Curione
879 3754 1033 3821 iudicium
1044 3806 1053 3836 ,
1076 3780 1150 3822 eum
1163 3781 1257 3848 prae
1278 3765 1457 3851 sapientia

277 3877 360 3944 nihil
388 3884 513 3941 temere
535 3897 640 3964 neque
663 3875 758 3940 stulte
780 3899 847 3941 esse
867 3876 1039 3944 facturum.
1087 3877 1140 3944 Sic
1162 3881 1257 3946 etiam
1280 3882 1457 3950 invenimus

278 3998 350 4064 Lib.
384 3997 441 4062 lx.
471 4019 523 4085 ep.
556 3999 608 4060 16.
642 3998 659 4080 §
692 4000 724 4060 5.
772 3997 973 4084 «Reliquum
1001 4010 1066 4077 est,
1098 4022 1140 4064 ne
1167 4001 1242 4090 quid
1266 4005 1392 4082 stulte,
1417 4027 1459 4071 ne

278 4118 355 4208 quid
380 4126 504 4181 temere
527 4115 630 4180 dicam
655 4128 709 4182 aut
718 4115 857 4203 faciam
877 4129 986 4182 contra
1003 4131 1160 4206 potentes3
1182 4121 1215 4185 id
1236 4145 1363 4212 quoque
1379 4138 1457 4214 puto

278 4263 343 4305 esse
380 4241 566 4327 sapientis.
622 4235 710 4302 Idem
746 4238 909 4326 coniungit
939 4240 983 4305 sic
1014 4241 1140 4307 «stulte
1166 4254 1197 4307 et
1227 4244 1386 4310 incaute»
1417 4247 1457 4314 ad

280 4361 347 4425 Au.
374 4358 447 4423 VII.
474 4381 524 4447 ep.
554 4361 606 4423 10.
706 4401 709 4408 ,

323 4480 361 4546 ln
385 4478 494 4544 eodem
517 4478 598 4544 libro
622 4502 673 4567 ep.
700 4482 753 4543 13.
777 4491 838 4544 ert.
887 4480 1013 4559 «Mihi,
1038 4483 1157 4570 inquit,
1183 4498 1249 4551 erat
1272 4487 1304 4550 in
1329 4488 1454 4566 animo,

277 4601 428 4692 quoniam
459 4599 706 4666 iurisdictionem
729 4599 945 4676 confeceram,
969 4602 1109 4666 civitates
1131 4601 1375 4694 locupletatam,
1399 4631 1458 4697 pu·

276 4721 408 4788 blicanis
432 4722 526 4788 etiam
551 4719 716 4809 superioris
740 4719 830 4785 lustri
849 4720 970 4807 reliqua
990 4722 1056 4788 sine
1076 4722 1231 4790 sociorum
1245 4727 1314 4792 ulla
1329 4730 1456 4816 querela

1196 4850 1211 4897 1
1223 4844 1237 4876 Ι
