3542 5492
860 453 900 512 35

282 637 485 706 scribendum
520 648 589 702 ost:
628 648 725 702 «tam
757 635 878 711 multa,
905 657 988 724 quae
1007 637 1121 702 mirere
1145 639 1250 717 istie,
1280 641 1338 704 lsie
1354 640 1466 730 perfi-

288 763 437 825 ciuntur.
476 756 547 824 Non
567 779 645 847 opus
669 769 741 836 est,
765 769 801 822 ut
823 755 927 822 dicam
952 758 1142 823 accusativos
1166 781 1240 824 cum
1259 759 1317 825 inl.
1343 761 1470 826 «abso-

281 880 384 944 lutum
413 877 611 944 Messalam»
643 889 675 943 et
707 890 825 943 ceteros
856 899 921 942 uon
957 875 1096 967 pendere
1131 899 1241 944 aroc.
1272 879 1468 969 perficiun-

282 1009 362 1080 tur,
388 998 476 1065 sedo
499 999 593 1065 rerbo
617 998 798 1078 mirandi,
824 996 909 1087 quod
932 998 965 1062 in
989 1000 1143 1063 sententia
1166 999 1366 1090 intelligitur.

330 1122 348 1204 §
376 1123 406 1184 t.
455 1142 476 1182 «
490 1115 572 1184 Cum
604 1119 771 1208 Pompeius
799 1141 864 1184 esse
894 1119 929 1184 in
958 1117 1083 1197 Gallia,
1120 1131 1247 1186 coactns
1282 1133 1329 1186 est
1363 1121 1468 1190 dicere

281 1241 489 1329 Pompeius,
525 1261 557 1305 se
601 1239 758 1328 legionem
802 1238 1037 1317 abducturam,
1073 1238 1128 1305 sed
1159 1263 1224 1305 non
1270 1242 1377 1306 statim
1408 1243 1466 1308 sub

281 1361 475 1428 mentionem
505 1371 538 1424 et
567 1359 745 1425 convicium
768 1359 1039 1438 obtrectatorum3
1085 1360 1160 1426 inde
1185 1361 1398 1451 iuterrogatus
1417 1376 1465 1428 est

283 1481 321 1546 de
343 1481 540 1546 successione
562 1479 726 1559 caesaris,
751 1481 790 1546 de
814 1503 896 1570 quo,
921 1482 984 1545 lsoc
1006 1488 1084 1559 est,
1110 1480 1153 1544 de
1166 1484 1369 1571 prouinciis
1387 1506 1466 1548 cou-

280 1602 485 1680 sulara'bua,
508 1601 661 1690 placitum
693 1613 781 1667 est.»
829 1600 942 1667 Putida
972 1600 1162 1666 emblemata
1192 1624 1259 1668 esse
1278 1601 1467 1693 Pompeius

281 1738 311 1792 et
332 1726 395 1789 hoc
427 1731 503 1801 est,
539 1722 582 1786 de
604 1725 804 1813 prouinciis
830 1723 1096 1801 consularibus,
1132 1745 1226 1789 nemo
1261 1745 1326 1788 non
1355 1726 1467 1792 sentit.

279 1846 340 1911 Pro
363 1867 437 1909 cum
454 1842 585 1908 restituo
609 1851 691 1909 tum.

328 1965 366 2029 ln
389 1969 477 2053 ep.6
512 1965 652 2052 §2pro
687 1962 868 2027 «candide
896 1966 1062 2053 posuisse
1088 1963 1270 2028 iuimicitias
1296 1963 1463 2030 ridearis»

279 2086 341 2150 iam
360 2085 478 2175 optime
497 2083 700 2150 emendatum
723 2096 769 2149 est
787 2082 1002 2174 deposuisse.

323 2205 362 2271 lu
386 2209 439 2291 §3
462 2205 619 2294 legimus:
647 2204 738 2270 «Hic
762 2225 819 2268 nos
850 2204 945 2293 plane
969 2203 1158 2269 absolvimus
1189 2217 1221 2270 et
1255 2204 1362 2272 hercle
1386 2229 1464 2272 oon-

279 2339 388 2417 saepta
412 2325 519 2391 omnia
541 2324 632 2390 foeda
656 2337 689 2391 et
710 2324 875 2390 inhonesta
907 2336 1025 2391 sunt.»
1072 2324 1231 2390 Audacior
1260 2326 1390 2394 sonasse
1416 2330 1464 2394 ri·

281 2446 379 2525 deor,
411 2447 436 2511 si
466 2445 596 2511 restituo
627 2443 806 2511 hocloco:
846 2446 1069 2510 obsolevimus
1098 2469 1157 2534 pro
1192 2447 1401 2512 absolvimus
1431 2462 1464 2515 et

283 2571 462 2656 consopita
476 2565 583 2654 foede
607 2573 641 2629 et
660 2566 840 2629 inhoneste
865 2588 924 2656 pro
947 2574 1135 2655 consaepta
1158 2565 1271 2652 foeda
1301 2578 1335 2631 et
1362 2571 1461 2634 iuhe-

282 2697 405 2766 uesto,
430 2685 481 2753 sed
511 2699 578 2753 tota
613 2685 742 2775 epistola
770 2684 865 2750 talem
901 2685 1089 2750 sententiam
1119 2686 1244 2774 probat.
1292 2687 1363 2778 lpse
1384 2689 1462 2756 dicit

279 2812 298 2894 §
324 2814 365 2874 l:
393 2807 486 2875 «Sed
509 2808 573 2874 dici
595 2831 660 2874 non
683 2819 808 2898 potest,
834 2806 992 2896 quomodo
1008 2805 1061 2871 hic
1075 2807 1181 2872 omnia
1201 2812 1353 2875 iaceant.
1391 2810 1459 2877 Nisi

276 2952 333 3020 ego
364 2952 436 2995 cum
459 2929 645 2995 tabernariis
668 2941 699 2995 et
728 2929 863 3018 aquariis
886 2950 1085 3018 pugnarem,
1111 2937 1274 2994 veternus
1298 2931 1458 2998 civitatem

277 3060 523 3140 occupasset.»
571 3050 612 3114 Et
627 3051 670 3114 sic
694 3072 785 3138 saepe
804 3048 921 3114 dicitur
943 3048 985 3113 cl.
1012 3047 1055 3113 ll.
1081 3070 1131 3137 ep.
1153 3051 1193 3114 ts
1219 3051 1270 3134 §3
1294 3063 1325 3116 et
1347 3074 1399 3140 ep.
1417 3054 1458 3117 16

277 3175 350 3257 §L
411 3171 521 3260 Neque
553 3171 657 3235 miuus
687 3169 899 3234 necessarium
933 3181 981 3234 est
1007 3169 1039 3232 in
1075 3167 1185 3234 eadem
1218 3171 1236 3254 §
1269 3171 1303 3235 in
1333 3173 1455 3238 verbis:

276 3291 341 3358 «si
364 3291 473 3357 Parthi
497 3313 549 3355 ros
565 3288 645 3355 nihil
677 3288 870 3366 calfaciunt,
896 3311 953 3353 nos
983 3287 1036 3353 hic
1067 3289 1183 3377 frigore
1199 3289 1459 3379 frigescimus»

274 3413 415 3503 accipere
440 3409 552 3478 Cobeti
575 3412 739 3476 inventurn
763 3432 784 3472 «
794 3409 1078 3498 obrigescamus.»

317 3534 354 3599 ln
378 3555 428 3622 ep.
451 3538 471 3598 8
498 3534 572 3617 §5:
606 3531 676 3596 «Et
708 3553 781 3596 cum
805 3530 845 3595 de
876 3553 913 3596 ea
945 3554 979 3597 re
1007 3530 1047 3596 ad
1078 3545 1222 3598 senatum
1247 3533 1457 3600 referretura

274 3674 386 3733 coss,
412 3654 468 3742 qui
491 3675 600 3718 eorum
622 3652 656 3715 in
681 3647 763 3716 000
786 3650 944 3716 iudicibus
967 3665 1089 3731 essent,
1116 3675 1178 3717 seu
1200 3653 1357 3720 adducere
1379 3655 1457 3721 lice·

272 3789 364 3842 ret.»
410 3773 498 3840 Nihil
522 3773 680 3862 significat
701 3794 764 3836 sex
781 3769 983 3837 emendaram
1009 3771 1080 3838 VT
1092 3797 1149 3862 pro
1176 3773 1215 3837 V
1213 3775 1247 3856 J,
1275 3774 1308 3840 id
1331 3785 1453 3855 estut,

271 3895 470 3987 quodetiam
494 3894 713 3960 Hermannum
734 3892 924 3981 excogitasse
948 3891 1070 3980 gaudeo
1098 3906 1129 3958 et
1159 3893 1261 3961 doleo.
1308 3895 1347 3960 ln
1371 3897 1389 3980 §
1411 3900 1452 3961 6:

270 4017 470 4106 «quominus
498 4014 537 4080 de
562 4014 600 4078 ll.
624 4015 657 4080 P.
683 4013 718 4079 P.
743 4013 782 4078 ll.
806 4014 844 4098 Q.
882 4011 922 4077 ad
952 4025 1095 4078 sonatum
1132 4015 1265 4095 referri,
1291 4017 1454 4104 senatique

270 4137 450 4204 consultum
470 4137 539 4201 lieri
561 4135 698 4225 possit.»
744 4133 835 4223 Legit
858 4133 1020 4200 Mediceus
1041 4135 1080 4219 Q.
1106 4135 1141 4200 P.
1167 4158 1224 4225 pro
1246 4136 1285 4202 ll.
1300 4138 1338 4222 Q.
1376 4137 1455 4203 For-

269 4272 351 4324 tasse
374 4259 526 4348 scriptum
549 4257 610 4321 fuit
645 4256 687 4320 de
712 4253 791 4320 PP.
811 4254 851 4341 Q.
867 4252 936 4333 P.,
960 4255 981 4319 i.
1000 4279 1049 4321 c.:
1077 4254 1120 4319 dc
1130 4260 1333 4345 prous'ucis's
1352 4281 1455 4346 quum

264 4401 432 4470 prssrmm.

314 4498 352 4563 ln
372 4519 422 4586 ep.
444 4500 464 4560 9
490 4498 554 4580 §le
591 4497 633 4562 Μ.
648 4495 831 4575 Paridium,
853 4497 993 4585 equitem
1012 4495 1212 4576 Romanum,
1236 4535 1281 4547 —
1304 4501 1388 4588 «qui
1412 4499 1451 4564 ad

269 4642 365 4683 suum
398 4621 568 4708 negotium
600 4619 680 4684 istuc
709 4619 816 4697 veuit,
850 4618 909 4683 tibi
932 4617 1162 4684 commendo.»
1217 4619 1356 4708 Legatur
1385 4643 1450 4684 suo

271 4743 408 4823 negotiu
433 4741 474 4806 of.
501 4765 527 4805 c.
548 4763 578 4827 g.
606 4739 632 4804 l.
659 4763 709 4828 ep.
735 4747 766 4805 3.

1190 4858 1231 4910 5‘*
