3542 5492
892 419 934 480 40

321 628 387 675 nou
406 626 492 691 crya
506 625 517 680 ‚¹
531 613 692 692 praeterea
710 600 869 688 conferre
884 602 985 670 multo
1005 603 1108 693 aptius
1127 602 1242 668 dicitur
1261 602 1301 670 de
1320 612 1408 668 notu
1428 625 1500 668 nra·

322 730 396 794 r‘ore
412 725 446 790 iu
466 727 648 801 minorem,
668 745 763 811 quam
780 735 901 788 contra.

365 846 404 912 In
428 847 446 930 §
463 850 482 910 3
506 844 586 910 bene
606 841 745 910 distinxit
762 843 922 909 Baiterus:
949 842 1095 910 «Adhuc
1117 844 1203 910 enim
1224 846 1430 933 —potitur
1445 856 1502 911 tun

320 987 440 1032 summa
471 964 649 1032 humanitas
683 976 715 1029 et
748 965 923 1053 sapientia,
959 985 1011 1030 me
1035 963 1119 1052 quod
1143 964 1299 1043 sentiam,
1323 963 1423 1033 libere
1448 963 1497 1031 di-

320 1109 390 1152 cere
403 1093 444 1166 ,'>›
469 1085 522 1151 sed
543 1084 712 1175 legendum
733 1096 802 1164 est,
827 1085 861 1150 ni
884 1083 997 1162 fallor,
1015 1087 1198 1174 potiatur.

365 1207 460 1298 Epi
487 1208 555 1291 §l:
594 1206 711 1290 «Quae
735 1204 857 1276 locutus
881 1216 927 1271 est
951 1204 1086 1271 Furnius
1117 1216 1223 1272 noster
1252 1203 1292 1271 de
1317 1191 1422 1270 animo
1440 1215 1501 1270 tuo
1588 1183 1591 1189 ¹

317 1327 350 1397 in
375 1325 629 1415 rempublicam,
665 1348 702 1392 ea
724 1324 899 1414 gratissima
922 1323 1051 1390 fuerunt
1082 1323 1205 1398 senatui
1226 1323 1409 1413 populoque
1435 1323 1501 1390 no·

317 1469 412 1513 meno
434 1447 694 1537 probatissima.»
725 1442 854 1510 Ourhic
879 1466 960 1532 quae
983 1444 1106 1509 senatui
1128 1443 1278 1510 dicuntur
1299 1443 1394 1511 fuisse
1415 1467 1501 1532 gro·

319 1571 484 1647 tissima,
519 1565 637 1656 populo
669 1566 812 1633 Romano
847 1565 1014 1655 separatim
1044 1577 1196 1658 vocentur
1219 1564 1498 1654 probatissima,

317 1687 407 1754 nulla
436 1710 528 1754 causa
552 1699 610 1754 est.
658 1686 744 1754 Haec
767 1697 873 1752 tamen
897 1687 980 1752 iusta
1011 1706 1106 1765 cause
1128 1708 1193 1750 non
1216 1697 1319 1762 esset,
1344 1707 1400 1750 cur
1422 1683 1502 1754 hacc

320 1808 474 1876 sententie
505 1807 732 1890 damnaretur,
765 1808 799 1872 ni
832 1807 1000 1874 verborum
1033 1829 1129 1873 noxus
1161 1805 1305 1882 obesset,
1334 1806 1501 1893 quominus

320 1929 396 1994 haec
420 1928 561 1992 ubertas
586 1927 733 1994 orationis
755 1926 983 1994 admitteretur.
1031 1927 1126 1992 Voce.
1153 1923 1305 1992 Senatus
1328 1924 1502 2016 Populus·

318 2069 382 2137 que
415 2047 592 2114 Romanus
627 2061 692 2114 tam
733 2059 817 2116 arcte
859 2047 1071 2136 copulantur,
1107 2059 1143 2112 ut
1170 2046 1429 2136 probatissima
1462 2046 1504 2112 ad

317 2182 490 2258 utrumque
515 2167 716 2235 referendum
747 2191 813 2234 esse
836 2167 988 2234 rideatur.
1038 2166 1158 2252 Quibus
1180 2165 1220 2234 de
1243 2168 1343 2235 causis
1363 2167 1503 2256 suspicor

316 2302 397 2380 post
404 2292 617 2379 gratissimo
641 2289 789 2354 omissum
810 2311 876 2354 esse
898 2291 947 2352 ma'
964 2288 986 2352 i.
999 2311 1026 2354 e.
1051 2288 1153 2366 mihi,
1178 2266 1210 2352 et
1234 2310 1357 2354 comma
1379 2309 1502 2377 ponen-

317 2410 395 2478 dum
417 2422 487 2500 post
501 2409 663 2496 fuerunt.
712 2409 844 2498 Insuper
874 2410 891 2492 §
918 2413 939 2474 3
971 2408 1014 2474 sic
1037 2409 1216 2476 constituo:
1245 2431 1266 2472 <a
1275 2407 1384 2474 Talem
1406 2408 1503 2497 igitur

317 2544 349 2600 te
379 2555 445 2598 csse
475 2542 609 2620 oportet.
674 2529 791 2617 Quare
821 2528 960 2618 primum
995 2541 1027 2594 te
1058 2528 1098 2593 ab
1120 2529 1290 2619 impiorum
1315 2528 1431 2595 civium
1455 2530 1504 2598 tui

317 2651 597 2720 dissimillimorum
628 2650 775 2716 societate
800 2650 944 2739 seiungas
955 2688 1000 2698 -—
1015 2687 1061 2698 -
1072 2687 1117 2702 -
1145 2650 1205 2738 [ut]
1232 2672 1344 2739 pacem
1366 2632 1433 2716 esse
1456 2649 1503 2714 iu·

318 2773 403 2848 dices
427 2794 491 2837 non
516 2772 548 2836 iu
574 2771 667 2836 armis
691 2770 818 2860 positis,
843 2769 953 2834 sedin
982 2769 1106 2837 abiecto
1130 2791 1289 2836 armorum
1312 2781 1344 2838 et
1370 2770 1503 2836 servitu·

321 2894 360 2960 tis
383 2903 482 2958 metu.
496 2915 517 2955 u

365 3013 511 3080 llxtrema
545 3011 675 3101 epistola
710 3009 846 3076 difficilis
889 3023 934 3076 est
970 3008 1148 3099 explicatu:
1198 3010 1318 3077 «Haec
1349 3009 1503 3101 impulsus

318 3132 561 3210 benevolentia,
586 3131 718 3210 scribit,
743 3132 851 3221 scripsi
873 3130 969 3221 paulo
1005 3130 1160 3199 severius:
1188 3153 1269 3219 quae
1292 3124 1328 3197 td
1351 3129 1385 3196 in
1408 3154 1503 3220 erpe-

319 3252 428 3322 riendo
447 3253 480 3318 iu
505 3275 546 3318 ea
569 3255 727 3332 ratione,
753 3275 833 3341 quae
853 3265 884 3318 te
908 3251 1002 3340 digna
1021 3263 1087 3329 est,
1113 3273 1185 3316 vere
1204 3273 1270 3316 esse
1293 3273 1501 3338 cognosces.»

320 3377 408 3442 Haec
431 3373 525 3440 verba
543 3373 665 3438 nullum
691 3373 893 3438 commodum
915 3393 1041 3439 sensum
1064 3369 1234 3460 praebere,
1261 3368 1406 3436 viderunt
1426 3370 1500 3449 alii;

322 3496 374 3564 sed
398 3495 486 3562 locus
523 3493 626 3560 adbuc
654 3491 814 3558 emendari
846 3514 910 3558 nou
944 3491 1060 3582 potuit.
1118 3491 1207 3557 Patet
1235 3487 1419 3556 Ciceronem
1442 3489 1504 3556 illis

322 3614 422 3681 verbis
446 3613 579 3680 uoluisse
611 3612 807 3702 significare,
833 3625 941 3703 optare
964 3635 996 3679 se
1021 3611 1213 3702 reipublicae
1237 3610 1389 3677 Plancum
1414 3611 1503 3676 setis-

321 3735 500 3811 facturum,
537 3732 621 3798 bello
663 3731 799 3822 gerendo
836 3732 982 3800 adversus
1013 3731 1197 3799 Antonium.
1260 3729 1351 3817 Quod
1384 3730 1504 3798 dixerut

327 3853 438 3924 Cicero
461 3853 500 3922 de
536 3852 655 3922 honore
691 3854 894 3933 consulatus,
927 3854 959 3920 id
982 3875 1109 3925 neccsse
1139 3865 1205 3919 erat
1229 3853 1363 3920 Plancus
1385 3852 1507 3942 experi-

324 3989 431 4044 retur:
470 3976 495 4043 εἰ
525 3976 607 4041 male
632 3977 759 4043 sentiret
781 3977 815 4042 iu
839 3975 1004 4044 consulatu
1036 3987 1115 4044 esset
1144 3997 1266 4040 summa
1297 3972 1502 4054 deformites;

322 4099 348 4164 si
371 4097 491 4188 patriae
513 4099 654 4177 faveret,
691 4120 823 4187 magnus
855 4110 934 4165 esset
966 4096 1076 4162 consul
1110 4107 1142 4162 et
1176 4094 1358 4161 consularis.
1417 4096 1504 4162 Haec

325 4218 461 4284 breviter
489 4219 663 4308 potuissent
686 4218 817 4308 exprimi
840 4217 888 4284 bis
913 4217 1032 4284 verbis:
1068 4239 1180 4305 «qnae
1204 4216 1297 4283 tuin
1319 4214 1506 4304 experiendo

325 4361 398 4406 vera
421 4361 487 4405 esse
511 4360 720 4427 cognosces.»
778 4340 882 4424 Quum
905 4359 978 4404 vero
1003 4336 1191 4421 alterutrum
1212 4349 1336 4404 tentum
1366 4337 1397 4404 ei
1426 4338 1506 4404 acci·

325 4460 398 4538 dere
422 4471 547 4549 posset,
574 4457 740 4539 Ciceroni,
765 4482 835 4526 meo
856 4459 985 4548 quidem
1008 4458 1144 4536 iudicio,
1159 4457 1401 4547 significandum
1418 4468 1504 4535 eret,

325 4603 357 4646 sc
381 4601 504 4670 sperare
530 4579 691 4650 meliorem
729 4580 882 4648 Plancum
905 4581 1065 4646 lecturum
1082 4602 1147 4646 esse
1166 4580 1337 4669 optionem.
1387 4577 1427 4643 lit
1445 4575 1506 4643 hoc

325 4701 399 4766 fecit
417 4701 545 4768 fortasse
570 4701 628 4768 ita:
655 4724 765 4791 «quae
788 4702 869 4768 tuin
893 4697 1101 4790 experiendo,
1117 4699 1269 4766 -modo
1283 4702 1382 4767 ineos
1395 4701 1505 4764 ratio-
