3542 5492
856 429 898 487 33

272 613 352 681 dum
381 633 445 678 esse
468 608 581 688 credo,
613 615 719 696 queri
730 609 829 698 stolae
852 623 917 689 est,
941 611 964 676 i.
990 633 1018 678 e.
1045 612 1135 699 quasi
1151 615 1285 700 pignus
1308 621 1354 676 est
1376 631 1449 676 uos-

273 749 340 802 trae
364 729 606 800 coniunctionis.
654 729 767 797 Melior
790 754 853 798 non
887 731 1010 797 ridetur
1040 731 1140 798 Rostii
1161 729 1339 798 emendatio
1360 732 1450 820 inge-

195 835 196 839 *
272 857 376 924 niosa:
413 850 529 940 «quod
558 851 718 929 vinclum,
751 875 899 942 quaero,
926 851 1012 919 deest
1036 864 1159 918 nostrae
1176 851 1451 920 coniunctionil»

272 976 357 1044 Nem
378 971 457 1062 quid
480 985 558 1061 opus
581 984 627 1038 est
649 971 802 1038 vocabulo
825 971 981 1060 quaeso?

319 1097 379 1184 Ep.
397 1097 439 1160 16
464 1094 537 1176 §32
557 1091 702 1181 «Neque
725 1091 804 1160 haec
827 1115 932 1180 neque
951 1104 1073 1161 ceterae
1097 1092 1346 1171 consolationes,
1371 1115 1454 1182 quae

277 1225 348 1280 sunt
372 1236 389 1276 a
414 1212 648 1301 sapientissimis
672 1213 743 1278 riris
766 1225 934 1302 usurpatae
964 1213 1197 1302 memoriaeque
1224 1214 1359 1278 litteria
1381 1235 1453 1302 pro·

277 1333 399 1402 ditae.»
447 1330 596 1422 Spurium
619 1334 855 1421 putolitteria
880 1333 921 1399 el.
946 1356 973 1397 r.
988 1355 1017 1398 c.
1043 1332 1097 1399 Vl.
1122 1355 1173 1421 ep.
1192 1335 1231 1396 la
1256 1333 1326 1416 §5.

320 1454 356 1520 ln
379 1478 428 1545 ep.
450 1457 489 1518 19
515 1455 573 1537 §2
598 1429 777 1542 recipienda
801 1465 868 1520 erat
892 1453 1029 1518 Ernestii
1051 1452 1232 1518 coniectura
1256 1474 1373 1517 eumue
1395 1474 1451 1540 pro

277 1552 410 1652 rimae)
436 1572 520 1661 quod
542 1573 717 1642 luculenter
738 1572 829 1640 docet
853 1573 924 1640 Lib.
939 1572 995 1640 lv,
1020 1577 1105 1660 ep.2
1131 1573 1197 1656 §2.

728 1785 832 1850 Liber
856 1783 995 1850 Sextus.

323 1995 380 2084 Ep.
405 1999 425 2060 6
452 1998 469 2080 §
492 2000 531 2060 4:
558 1994 645 2062 «Sed
663 2009 769 2062 tamen
788 1996 917 2085 plurimi
937 2009 1010 2060 sunt
1032 2007 1144 2072 testes,
1163 2018 1214 2060 me
1239 2007 1270 2060 et
1293 1995 1399 2068 initio,
1413 2017 1453 2059 ne

279 2121 501 2205 coniungeret
524 2139 561 2180 sc
586 2139 659 2180 curn
684 2113 815 2182 Caesare
846 2117 1004 2182 monuisse
1027 2116 1236 2205 Pompeium,
1268 2128 1300 2181 et
1322 2127 1452 2204 postea,

276 2259 315 2302 ue
340 2239 564 2325 seiungeret:
587 2238 823 2301 coniunctione
854 2237 958 2326 frangi
989 2249 1152 2315 senatum,
1188 2236 1383 2302 diiunctione
1407 2235 1452 2301 ci·

278 2357 339 2421 rile
361 2357 481 2421 bellum
505 2356 632 2422 excitari
655 2356 810 2422 ridebam.
823 2380 843 2420 n
876 2356 1019 2422 Baiterus
1042 2357 1177 2423 coniecit
1200 2380 1270 2423 «ne
1293 2381 1326 2422 se
1351 2358 1456 2422 seiun-

282 2487 413 2564 geretw)
437 2477 485 2541 rix
508 2476 641 2555 dubito,
667 2477 744 2565 quin
769 2477 946 2542 admonitus
967 2478 1101 2566 corrigat
1113 2528 1122 2557 ,
1148 2477 1231 2567 quod
1256 2477 1453 2543 acharacte·

284 2597 368 2660 ribus
391 2619 451 2660 non
475 2597 552 2664 adeo
576 2596 695 2663 recedit
719 2620 789 2662 «ne
815 2620 851 2661 aa
875 2598 1074 2686 diiungeret
1094 2597 1135 2662 cf.
1163 2595 1228 2662 Cic.
1253 2595 1336 2662 Phil.
1362 2595 1405 2661 II.
1432 2599 1452 2660 9

284 2719 393 2802 §23n
423 2739 515 2809 opera
550 2742 620 2784 mea
653 2719 837 2807 Pompeium
865 2740 882 2781 a
916 2715 1056 2782 Caesaris
1080 2717 1216 2782 amicitia
1244 2740 1309 2782 esse
1340 2717 1454 2782 diiun-

279 2846 409 2904 ctum.»

324 2958 424 3048 ltp.7
457 2963 535 3044 §42
563 2959 700 3044 «Quid,
734 2961 759 3025 si
789 2961 849 3026 hoc
873 2959 998 3051 mitto?
1048 2959 1133 3026 Illud
1156 2969 1246 3024 muto
1276 2975 1455 3050 suspectum

276 3091 345 3144 cst:
386 3079 521 3146 debebat
557 3103 622 3145 esse
640 3104 660 3143 >›
694 3080 793 3168 quid,
830 3081 855 3144 si
885 3079 946 3146 hoc
978 3079 1105 3171 pono?
1159 3079 1221 3146 Sed
1247 3082 1330 3147 salva
1360 3096 1455 3171 atque

280 3202 374 3268 etiam
398 3203 527 3267 meliore
552 3201 705 3266 sententia
737 3200 842 3266 abesse
872 3213 984 3290 potest.
1041 3202 1081 3266 Et
1111 3202 1206 3291 paulo
1236 3216 1325 3290 post:
1360 3205 1456 3271 «Ubi

279 3321 340 3388 hoc
360 3323 502 3387 omnium
518 3333 668 3412 patronus
687 3321 780 3400 lacis,
806 3320 882 3410 quid
902 3344 954 3386 me
972 3359 1017 3370 ·-
1035 3322 1150 3388 sentire
1169 3334 1333 3412 oportet»
1380 3323 1455 3390 Des·

280 3442 384 3508 idero:
419 3441 514 3508 «Ubi
540 3441 602 3507 hoc
635 3452 672 3506 tu
707 3443 848 3508 omnium
874 3456 1024 3533 patronus
1047 3443 1164 3508 lacis.»

709 3652 814 3717 Liber
832 3651 1019 3744 Septimus,

328 3865 388 3952 Ep.
413 3849 454 3927 10
478 3865 496 3946 §
517 3867 553 3926 l:
593 3862 742 3947 «Quodsi
764 3863 797 3929 iu
828 3863 992 3928 Britannia
1016 3887 1142 3954 quoque
1165 3867 1323 3954 profectus
1351 3892 1455 3950 esses,

281 3984 422 4074 profecto
446 4005 538 4048 namo
562 3981 595 4046 in
618 3981 671 4046 illa
697 3994 784 4047 tauta
805 3984 906 4052 insula
929 3989 1088 4074 peritior
1106 3998 1138 4051 te
1160 3986 1310 4058 fuisset.»
1358 3990 1456 4056 Utin

281 4129 332 4194 ep.
347 4107 389 4170 16
412 4115 474 4182 est,
499 4103 544 4168 sic
570 4102 622 4168 hic
647 4125 772 4191 quoque
796 4125 859 4169 nou
880 4117 1012 4172 cunctor
1033 4118 1156 4173 mutare
1180 4111 1273 4176 iuria
1288 4114 1456 4196 peritior.

329 4225 453 4313 np.1t
477 4227 495 4308 §
514 4226 543 4288 1.
593 4223 656 4290 «Si
684 4225 782 4290 nostri
810 4225 1002 4305 oblituros,
1028 4226 1109 4292 dabo
1137 4251 1289 4317 operam,
1319 4244 1355 4296 ut
1377 4234 1458 4302 istuc

283 4345 431 4423 reniam,
456 4357 626 4434 antequam
645 4344 738 4433 plane
762 4369 798 4412 er
823 4347 928 4412 animo
951 4324 1006 4413 tuo
1030 4349 1169 4437 effluo»
1222 4350 1284 4420 Cur
1304 4351 1458 4424 codicum

282 4465 468 4534 auctoritate
485 4463 714 4544 deterreamur,
733 4487 773 4530 ne
792 4489 848 4555 pro
870 4468 968 4555 affirm
988 4457 1159 4536 scribamus
1183 4471 1343 4558 effluam?
1375 4473 1458 4540 Nam

283 4598 338 4652 aut
351 4584 576 4652 Coniunctivus
601 4585 719 4675 aliquid
742 4598 788 4652 est
808 4599 862 4653 aut
882 4588 962 4658 nihil
984 4600 1051 4669 θεῖς
1071 4589 1149 4667 sed,
1175 4591 1200 4655 si
1220 4591 1301 4661 nihil
1323 4606 1392 4670 est,
1417 4617 1457 4664 ne

283 4727 445 4785 curemus,
472 4719 578 4774 utrum
603 4705 758 4776 scribatur
781 4729 885 4775 annon
910 4708 1075 4778 scribatur.
1102 4797 1106 4806 Ι

1202 4833 1219 4880 5
