3542 5492
853 461 895 522 29

325 646 474 714 Eiusdem
496 646 615 711 larinae
635 657 708 710 sunt
731 647 764 710 iu
787 651 875 736 ep.6
901 649 965 732 §tu
988 648 1131 738 «Egoni
1151 647 1255 713 ridere
1277 648 1466 724 scirem—,

280 781 396 858 quanto
420 788 516 856 opere
551 766 629 831 mihi
661 777 741 832 esset
769 767 802 830 in
836 767 897 832 hac
920 769 1074 857 petitione
1104 769 1255 834 Milonis
1285 769 1374 832 omni
1403 790 1469 832 non

279 888 372 954 modo
398 886 624 964 contentione,
662 863 835 953 sedetiam
869 886 1072 956 dimicatione
1102 887 1353 966 elaborandum,
1376 887 1469 977 plura

277 991 484 1075 rescriberem
499 1031 538 1085 ,»
562 1006 754 1072 vocabulum
772 1007 924 1072 Milonis
947 1021 979 1074 et
998 1010 1032 1074 iu
1054 1013 1140 1098 ep.7
1167 1010 1216 1093 §l
1242 1007 1339 1072 rerba
1362 1007 1469 1072 audio

278 1153 357 1195 sero
380 1129 412 1195 in
436 1126 501 1193 his:
529 1127 650 1217 «longe
674 1129 759 1193 euim
784 1127 920 1208 absum,
944 1129 1052 1194 audio
1073 1152 1163 1194 sero.

324 1250 389 1316 loci
414 1249 501 1338 lepos
524 1249 556 1314 in
579 1260 718 1314 extrema
744 1262 834 1338 parte
857 1273 909 1340 ep.
937 1253 975 1314 ll
1004 1253 1064 1335 §2
1088 1250 1292 1316 vehementer
1314 1247 1471 1314 minuitur

282 1371 480 1436 emblemate.
528 1368 647 1435 Scribit
673 1367 804 1436 Cicero:
832 1371 909 1436 «lte
931 1370 1116 1461 pantheris,
1141 1393 1198 1460 per
1220 1393 1297 1449 eos,
1327 1370 1382 1458 qui
1415 1392 1469 1435 re-

283 1492 351 1555 nari
374 1490 496 1568 solent,
530 1491 633 1579 agitur
656 1489 808 1556 mandatu
831 1515 903 1558 meo
926 1491 1114 1582 diligenter:
1142 1490 1195 1557 sed
1224 1492 1304 1556 mira
1327 1491 1469 1580 paucitas

281 1625 347 1691 est,
372 1624 405 1678 et
429 1635 497 1689 eas,
522 1635 603 1700 quae
627 1623 719 1690 snut,
744 1612 835 1678 valde
858 1614 948 1678 aiunt
968 1613 1081 1702 queri,
1106 1612 1191 1702 quod
1215 1612 1297 1678 nihil
1318 1613 1468 1700 cuiquam

280 1733 466 1799 insidiarum
499 1733 532 1797 in
564 1755 635 1798 mea
666 1733 826 1822 provincia
850 1734 910 1799 nisi
938 1733 997 1799 sibi
1020 1735 1101 1815 fiat3
1136 1734 1244 1823 itaque
1272 1732 1470 1800 constituisse

282 1854 434 1920 dicuntur
454 1853 488 1917 in
521 1849 645 1918 Cariam
682 1877 725 1918 ear
752 1863 875 1920 nostra
900 1860 1091 1946 provincio
1127 1855 1324 1921 decedere.»
1382 1852 1470 1919 Nihil

281 1973 336 2038 hic
363 1972 435 2038 addi
457 1985 583 2062 potest,
610 1973 694 2062 quod
716 1973 823 2040 locum
857 1998 922 2040 uon
949 1975 1099 2064 frigidum
1123 1975 1256 2041 reddat:
1283 1995 1470 2064 supervaca-

283 2117 343 2160 nea
364 2107 460 2172 sunt,
486 2107 521 2158 ut
542 2095 669 2184 opinor,
697 2117 740 2159 ex
763 2103 888 2159 nostro
904 2099 1106 2186 provincio.

325 2215 363 2279 in
392 2215 474 2280 libro
510 2215 647 2280 secundo
680 2227 821 2304 superest
844 2237 926 2279 uuus
955 2215 1064 2293 locus,
1090 2237 1185 2303 quem
1212 2214 1308 2279 etiam
1333 2214 1469 2305 Nipper-

282 2335 389 2401 deium
413 2337 447 2400 in
467 2335 717 2425 interpolationis
741 2335 951 2426 suspicionem
974 2357 1122 2414 vocasse,
1147 2358 1184 2401 ex
1207 2335 1324 2400 Klotaii
1346 2335 1470 2425 praela·

285 2457 371 2522 tione
406 2455 506 2521 rideo.
575 2456 717 2521 Klotzius
759 2468 865 2522 tamen
909 2455 1102 2548 Nipperdeio
1149 2455 1343 2545 obloquitur.
1416 2457 1471 2520 Est

289 2576 342 2641 hio
376 2576 463 2641 locus
492 2578 526 2642 in
557 2600 608 2667 ep.
634 2580 672 2641 l'l
707 2579 724 2661 §
749 2579 813 2642 1.»
868 2575 1017 2641 Rhodum
1042 2574 1232 2641 Ciceronum
1264 2596 1356 2640 causa
1382 2597 1471 2665 poe·

288 2720 403 2761 rorum
424 2719 619 2764 accessurum
643 2709 763 2786 puto.»
812 2694 922 2762 Editor
944 2696 1129 2761 norissimus
1158 2694 1266 2761 laudat
1290 2695 1346 2760 lll.
1378 2700 1469 2784 ep.7

192 2901 199 2910 Ι
286 2821 369 2903 §1,
405 2817 461 2884 ubi
500 2820 612 2885 Bruti
635 2822 745 2910 pueri
782 2828 1095 2896 commemorantur,
1131 2817 1220 2905 quasi
1256 2839 1329 2882 vero
1363 2817 1474 2881 Bruti

283 2961 348 3004 non
373 2953 453 3006 esset
487 2939 673 3029 genitivus?
723 2938 785 3024 Qui
809 2939 889 3017 scis,
925 2939 1078 3027 inquies?
1119 2935 1264 3003 Ostendit
1294 2936 1375 3001 illud
1400 2936 1470 3002 Lib.

285 3059 339 3124 Vl.
364 3084 412 3150 ep.
434 3064 500 3126 201:
540 3058 730 3124 «Dederant
752 3058 857 3124 triduo
894 3070 967 3123 ante
983 3061 1112 3149 pueris
1145 3055 1207 3124 Cn.
1239 3056 1385 3122 Planci?
1415 3056 1469 3122 lit·

286 3191 366 3246 teras
389 3180 528 3246 ad'te.»
587 3180 672 3245 Num
697 3179 831 3268 amplius
855 3177 1041 3244 dubitabis?
1090 3179 1174 3244 Fieri
1208 3178 1304 3243 etiam
1338 3189 1464 3267 potest,

287 3302 377 3368 utin
402 3314 508 3367 nostro
528 3301 598 3366 loeo
615 3303 725 3392 pueri
748 3300 827 3365 servi
850 3300 924 3364 sint.
974 3297 1036 3366 Sed
1059 3310 1167 3364 tamen
1191 3299 1241 3364 lac
1264 3299 1343 3364 haec
1367 3301 1473 3365 omnia

287 3422 368 3488 nihil
398 3423 521 3500 valere,
558 3445 664 3487 nonne
695 3420 858 3487 fatendum
890 3419 978 3499 est,
997 3418 1184 3486 Ciceronem
1220 3419 1310 3486 raldo
1341 3419 1474 3485 ridicule

287 3543 326 3609 de
359 3547 435 3609 suis
463 3543 570 3608 liberis
594 3543 736 3609 locutum
759 3543 873 3622 fuisse,
899 3543 925 3607 si
948 3546 1002 3607 ita
1026 3541 1161 3607 dixisset.
1208 3541 1374 3606 Praeterea
1400 3561 1475 3604 nus·

285 3686 381 3752 quam
404 3685 456 3728 eos
495 3662 586 3728 aliter
614 3686 710 3751 quam
746 3660 930 3728 Cicerones
965 3662 1121 3752 appellat,
1146 3659 1413 3750 quemadmodum
1441 3661 1475 3726 in

285 3784 357 3850 Lib.
374 3784 413 3848 V.
437 3807 488 3875 ep.
508 3789 529 3849 8
553 3797 840 3850 commemorantur
869 3783 1006 3850 Crassi.
1055 3782 1242 3849 Videbimus
1266 3805 1352 3848 nuno
1370 3803 1474 3872 pauca

285 3904 324 3970 de
346 3905 428 3971 libro
453 3905 556 3971 tertio.

728 4145 832 4212 liber
867 4147 1021 4212 Tertius.

332 4385 463 4453 Leriora
496 4381 709 4455 additamenta
732 4401 824 4467 sunt,
849 4388 904 4454 sed
926 4399 1033 4454 tamon
1056 4408 1121 4453 non
1145 4385 1334 4476 negligenda
1358 4388 1392 4452 in
1419 4410 1470 4476 ep.

289 4512 303 4573 1
340 4511 357 4594 §
385 4514 399 4574 l
433 4506 576 4576 Phania
600 4523 669 4601 post
701 4509 834 4588 eodem,
866 4511 900 4575 iu
923 4534 974 4600 ep.
1001 4515 1021 4575 3
1046 4512 1064 4593 §
1091 4513 1111 4572 2
1136 4506 1380 4573 Brundusium
1403 4520 1474 4596 post

286 4629 435 4709 Iunios;
461 4630 494 4694 in
515 4635 598 4720 ep.4
624 4634 674 4716 §2
699 4632 905 4721 praenomina
926 4632 959 4696 in
982 4627 1044 4697 On.
1066 4630 1271 4720 Pompeium,
1294 4629 1380 4693 filiae
1399 4639 1473 4694 tuae

286 4770 427 4818 socerum
459 4765 490 4820 et
519 4751 571 4822 M.
598 4752 754 4835 Brutum,
791 4755 823 4820 in
847 4777 898 4844 ep.
925 4759 944 4821 7
970 4758 988 4841 §
1013 4757 1044 4821 5.
1094 4751 1207 4838 «de
1242 4752 1281 4818 sit
1316 4748 1473 4831 εὐγένειαι,
