3542 5492
903 418 923 480 8

317 599 485 670 sententie*
507 627 564 694 pro
594 616 684 694 parte
714 602 848 668 liberata
878 613 925 666 est
954 623 1061 690 panno
1084 603 1117 667 in
1142 602 1203 668 hac
1225 601 1351 690 quidem
1376 603 1503 691 periodo

316 724 411 814 plane
435 723 551 789 inutili.
599 723 778 789 Remanent
801 734 910 790 tamen
933 721 1014 788 dnae
1038 722 1253 803 difficultatem
1279 745 1354 788 nam
1377 736 1504 792 senten·

316 845 379 910 tiae
408 845 503 910 nerui
526 867 592 910 non
615 845 687 910 satis
711 843 831 910 mederi
853 855 1038 932 potuerunt.
1090 845 1158 929 Quo
1182 844 1278 909 etiam
1301 843 1444 923 accedit,
1468 859 1504 913 ut

317 963 471 1030 Latinum
498 988 561 1029 non
593 965 643 1030 sit.
677 988 783 1030 «sum
811 967 850 1028 a‘n
880 967 1142 1054 exspectatione
1173 967 1256 1027 rei»
1287 987 1344 1052 pro
1367 987 1428 1030 res
1450 975 1504 1031 est

316 1089 353 1148 in
397 1089 668 1176 exspectatione.
728 1083 792 1150 Alii
819 1083 1004 1173 legendum
1048 1095 1278 1173 proposuerunt
1322 1108 1429 1166 cura,
1463 1095 1504 1154 art

316 1207 447 1285 sciam,
473 1218 526 1271 aut
542 1205 627 1294 fec,
651 1215 691 1270 ut
714 1208 843 1270 serem:
866 1227 948 1293 quae
961 1204 1142 1269 coniectura
1153 1203 1224 1270 ideo
1235 1205 1386 1272 sermonis
1398 1206 1504 1274 Latini

315 1325 489 1414 elegantiae
513 1339 687 1416 repugnat,
710 1324 795 1416 quod
818 1325 915 1390 ctiam
939 1336 1007 1390 turn
1027 1324 1200 1413 plurimum
1223 1325 1330 1406 abest,
1354 1339 1391 1392 ut
1406 1351 1503 1394 nexus

315 1447 354 1510 sit
377 1448 538 1512 restitutus
558 1459 590 1512 et
609 1447 762 1511 Latinitas
783 1457 904 1510 sanata.
953 1442 980 1509 Α
1000 1444 1069 1509 loco
1088 1445 1235 1510 intricate
1258 1469 1389 1512 manum
1409 1447 1502 1515 absti-

314 1588 390 1632 nere
413 1566 561 1632 nolumus
584 1579 616 1632 et
639 1565 800 1644 dicemus,
827 1565 985 1654 quomodo
1009 1565 1180 1632 difficultas
1199 1567 1268 1632 tolli
1291 1569 1398 1657 possit.

360 1684 395 1752 Si
425 1687 658 1776 aliquantulum
689 1686 851 1774 intelligo,
884 1709 947 1750 cur
977 1698 1010 1751 et
1039 1687 1130 1773 quid
1158 1687 1293 1752 Plancus
1324 1688 1502 1778 scripserit,

315 1815 389 1872 tota
420 1809 551 1896 epistola
581 1808 614 1872 in
638 1807 725 1873 huno
748 1807 846 1872 finem
869 1818 916 1872 est
939 1808 1130 1896 composita,
1154 1820 1190 1872 ut
1212 1807 1386 1874 declararet
1410 1807 1502 1874 Cice-

314 1929 384 1993 roni
415 1950 485 1992 suas
516 1928 729 2006 hortationeS,
755 1927 794 1992 de
819 1927 934 2016 quibus
958 1927 1062 2014 agitur
1085 1928 1118 1991 in
1143 1951 1193 2016 ep.
1219 1929 1331 2007 tertia,
1354 1928 1502 1994 sibinen

314 2047 414 2112 solum
440 2071 562 2138 semper
585 2048 672 2114 cordi
694 2047 789 2112 fuisse
813 2046 867 2114 sed
891 2048 986 2112 etiam
1010 2069 1096 2112 nunc
1119 2070 1185 2112 esse
1207 2061 1239 2114 et
1261 2061 1414 2138 perpetuo
1432 2049 1501 2121 fore

314 2190 419 2234 curae.
468 2168 657 2234 Incitaverat
692 2168 777 2234 enirn
813 2179 918 2232 orator
947 2168 1123 2246 Plancum,
1154 2180 1189 2233 ut
1216 2170 1336 2256 patriae
1364 2169 1501 2257 opitula-

313 2296 419 2366 retur,
450 2288 637 2354 valediceret
660 2289 802 2377 partibus
828 2286 1044 2366 Caesarianis,
1069 2287 1212 2353 redivivis
1234 2289 1268 2354 in
1293 2288 1500 2369 Antonianis,

314 2421 345 2474 et
374 2409 437 2488 sic,
470 2433 534 2476 non
564 2408 706 2500 partibus
734 2408 888 2486 favendo,
919 2409 953 2472 in
984 2407 1033 2472 his
1057 2408 1136 2497 reip.
1160 2407 1354 2474 difficilbmis
1376 2422 1501 2500 tempo-

313 2529 399 2596 ribus
423 2553 540 2594 ceram
563 2530 749 2619 dignitatem
772 2541 804 2594 et
828 2529 960 2617 gloriam
984 2529 1043 2593 sibi
1067 2529 1255 2616 acquireret.

360 2651 456 2718 Nulla
483 2651 637 2717 sententia
667 2653 701 2716 in
732 2663 798 2716 tota
829 2650 959 2740 epistola
982 2650 1118 2739 legitur.
1143 2651 1221 2739 quin
1244 2649 1308 2716 huc
1331 2652 1498 2739 pertineat.

315 2771 496 2861 Respondet
528 2771 664 2836 Plancus
698 2793 873 2859 numquam
908 2770 994 2847 fore,
1032 2782 1067 2835 ut
1101 2793 1119 2833 a
1155 2769 1306 2836 Cicerone
1335 2781 1498 2858 praesente

314 2891 510 2969 dissentiret,
542 2913 647 2978 neque
675 2912 761 2954 nunc
784 2913 821 2954 eo
846 2888 975 2954 absente
998 2913 1030 2955 se
1054 2882 1312 2969 commissurum,
1337 2902 1373 2955 ut
1396 2889 1498 2954 ullum

313 3014 434 3078 fectum
466 3034 558 3076 suum
589 3011 657 3076 iure
688 3010 918 3100 reprehendere
942 3023 1057 3100 posset.
1106 3010 1175 3078 Sibi
1198 3025 1304 3077 tamen
1327 3021 1410 3076 nota
1433 3033 1500 3076 esse

315 3132 448 3210 debere,
482 3154 563 3219 quae
596 3131 751 3195 Antonius
776 3131 956 3220 Brutusque
979 3131 1012 3196 in
1038 3131 1140 3198 Gallia
1165 3131 1325 3222 Cisalpina
1348 3145 1497 3220 agerent,

315 3253 391 3343 quid
427 3253 561 3319 Senatus
595 3252 628 3316 in
660 3251 748 3318 Urbe
779 3275 887 3319 mense
919 3253 1065 3317 Ianuario
1098 3253 1291 3318 decreverit:
1322 3275 1355 3316 sc
1386 3251 1420 3315 in
1449 3250 1499 3315 his

315 3374 407 3442 rebus
439 3371 572 3439 Senatus
604 3373 824 3436 auctoritatem
856 3383 1054 3448 secuturum,
1087 3381 1118 3435 et
1145 3369 1266 3434 interea
1297 3371 1370 3460 angi
1401 3393 1497 3449 cura,

314 3518 354 3560 ne
387 3494 521 3561 Galliam
551 3494 584 3558 in
616 3491 719 3557 officio
749 3503 852 3580 posset
875 3491 1022 3555 retinere.
1074 3489 1165 3575 Quod
1188 3490 1213 3554 si
1237 3489 1296 3555 sibi
1319 3513 1496 3556 successum

315 3628 412 3691 esset,
445 3627 513 3680 tum
546 3614 612 3678 sine
639 3611 737 3676 dubio
765 3634 797 3676 se
820 3611 1053 3676 satisfacturum
1076 3623 1108 3676 et
1132 3609 1277 3676 Ciceroni
1300 3623 1331 3677 et
1354 3611 1500 3677 omnibus

313 3735 415 3802 bonis.
465 3733 603 3800 Dubium
625 3744 710 3797 certe
733 3743 882 3810 nonest,
909 3732 987 3821 quin
1004 3731 1140 3795 Plancus
1159 3732 1327 3820 respexerit
1348 3732 1498 3812 Antonii,
1552 3816 1557 3827 .

314 3858 405 3924 Bruti
428 3868 459 3922 et
482 3853 616 3921 Senatus
639 3853 796 3930 actiones,
821 3863 856 3917 ut
880 3865 912 3918 et
934 3852 1009 3917 lecit
1031 3851 1148 3916 Brutus
1172 3850 1225 3940 (ad
1249 3852 1338 3918 Fam.
1365 3854 1422 3918 XI.
1443 3877 1496 3943 ep.

313 3983 357 4046 20
383 3979 400 4062 §
427 3977 475 4065 2).
524 3977 607 4042 Hinc
631 3974 792 4063 sequitur,
817 3985 853 4040 ut
875 3973 983 4039 locum
1005 3975 1050 4039 sic
1073 3974 1319 4038 constituamus:

359 4123 380 4162 a<
392 4096 508 4164 Solum
531 4097 564 4161 in
587 4095 817 4186 exspectatione
840 4095 983 4159 omnium
1001 4118 1126 4173 rerum,
1153 4094 1230 4183 qnid
1249 4095 1280 4160 in
1301 4095 1401 4161 Gallia
1421 4095 1498 4161 cite·

313 4220 412 4298 riore,
446 4218 522 4307 quid
550 4219 582 4283 in
614 4216 702 4284 Urbe
733 4239 841 4282 mense
875 4216 1022 4281 Ianuario
1053 4229 1199 4306 geratur,
1223 4216 1292 4303 foc
1314 4226 1352 4281 ut
1375 4220 1497 4282 sciam.

314 4340 446 4406 Interim
473 4351 535 4404 «et
567 4361 647 4427 quae
671 4349 857 4426 sequuntur.
906 4336 1026 4403 Eadem
1049 4337 1149 4404 ferme
1172 4339 1362 4403 constructio
1386 4361 1498 4403 occur·

313 4461 354 4527 rit
377 4459 449 4525 Lib.
476 4460 501 4524 l.
528 4483 577 4549 ep.
604 4463 624 4525 9
650 4461 668 4542 §
698 4461 758 4536 17,
784 4457 840 4522 ubi
865 4455 975 4524 Cicero
1000 4459 1127 4525 scribit:
1177 4459 1320 4548 «Neque
1344 4481 1418 4524 vero
1439 4479 1497 4544 ego

314 4581 392 4646 mihi
426 4592 533 4670 postea
570 4579 743 4670 quidquam
779 4577 951 4665 assumpsi,
987 4601 1093 4668 neque
1127 4577 1221 4644 hodie
1244 4601 1387 4656 assumo,
1414 4575 1498 4664 quod

315 4723 508 4792 quemquam
538 4698 869 4766 malevolentissimum
898 4700 977 4763 iure
1000 4701 1122 4788 possit
1151 4698 1328 4766 offendere:
1363 4705 1498 4762 tontum
