<?xml version="1.0" encoding="UTF-8"?>
<!DOCTYPE html PUBLIC "-//W3C//DTD XHTML 1.0 Transitional//EN"
    "http://www.w3.org/TR/xhtml1/DTD/xhtml1-transitional.dtd">
<html xmlns="http://www.w3.org/1999/xhtml" xml:lang="en" lang="en">
 <head>
  <title>
</title>
<meta http-equiv="Content-Type" content="text/html;charset=utf-8" />
  <meta name='ocr-system' content='tesseract 3.04.00' />
  <meta name='ocr-capabilities' content='ocr_page ocr_carea ocr_par ocr_line ocrx_word'/>
</head>
<body>
  <div class='ocr_page' id='page_1' title='image "./observationescr00kleygoog_0031.png"; bbox 0 0 3542 5492; ppageno 0'>
   <div class='ocr_carea' id='block_1_1' title="bbox 848 431 890 490">
    <p class='ocr_par' dir='ltr' id='par_1_1' title="bbox 848 431 890 490">
     <span class='ocr_line' id='line_1_1' title="bbox 848 431 890 490; baseline 0.024 -1"><span class='ocrx_word' id='word_1_1' title='bbox 848 431 890 490; x_wconf 85' lang='lat'>23</span> 
     </span>
    </p>
   </div>
   <div class='ocr_carea' id='block_1_2' title="bbox 276 613 1466 2606">
    <p class='ocr_par' dir='ltr' id='par_1_2' title="bbox 504 613 1250 800">
     <span class='ocr_line' id='line_1_2' title="bbox 504 613 1250 703; baseline 0.003 -24"><span class='ocrx_word' id='word_1_2' title='bbox 504 615 587 703; x_wconf 79' lang='lat' dir='ltr'>Ergo</span> <span class='ocrx_word' id='word_1_3' title='bbox 612 627 666 679; x_wconf 85' lang='lat' dir='ltr'>aut</span> <span class='ocrx_word' id='word_1_4' title='bbox 689 613 795 678; x_wconf 85' lang='lat' dir='ltr'>exsilio</span> <span class='ocrx_word' id='word_1_5' title='bbox 819 614 899 679; x_wconf 82' lang='lat' dir='ltr'>vires</span> <span class='ocrx_word' id='word_1_6' title='bbox 919 613 1089 693; x_wconf 81' lang='lat' dir='ltr'>subduxit,</span> <span class='ocrx_word' id='word_1_7' title='bbox 1116 614 1250 694; x_wconf 69' lang='lat' dir='ltr'>Achivi,</span> 
     </span>
     <span class='ocr_line' id='line_1_3' title="bbox 505 735 681 800; baseline -0.011 0"><span class='ocrx_word' id='word_1_8' title='bbox 505 735 569 800; x_wconf 76' lang='lat' dir='ltr'>Aut</span> <span class='ocrx_word' id='word_1_9' title='bbox 593 758 681 800; x_wconf 88' lang='lat' dir='ltr'>nece.</span> 
     </span>
    </p>

    <p class='ocr_par' dir='ltr' id='par_1_3' title="bbox 276 846 1460 1055">
     <span class='ocr_line' id='line_1_4' title="bbox 323 846 1460 946; baseline -0.003 -25"><span class='ocrx_word' id='word_1_10' title='bbox 323 846 363 921; x_wconf 78' lang='lat' dir='ltr'>Et</span> <span class='ocrx_word' id='word_1_11' title='bbox 395 856 439 920; x_wconf 88' lang='lat' dir='ltr'>sic</span> <span class='ocrx_word' id='word_1_12' title='bbox 471 855 549 921; x_wconf 89' lang='lat' dir='ltr'>solet</span> <span class='ocrx_word' id='word_1_13' title='bbox 586 853 716 921; x_wconf 85' lang='lat' dir='ltr'>Ovidius</span> <span class='ocrx_word' id='word_1_14' title='bbox 758 855 935 919; x_wconf 76' lang='lat' dir='ltr'>vocativum</span> <span class='ocrx_word' id='word_1_15' title='bbox 969 856 1003 919; x_wconf 97' lang='lat' dir='ltr'>in</span> <span class='ocrx_word' id='word_1_16' title='bbox 1039 868 1124 920; x_wconf 82' lang='lat' dir='ltr'>sexto</span> <span class='ocrx_word' id='word_1_17' title='bbox 1154 855 1235 946; x_wconf 87' lang='lat' dir='ltr'>pede</span> <span class='ocrx_word' id='word_1_18' title='bbox 1267 877 1384 945; x_wconf 87' lang='lat' dir='ltr'>ponere</span> <span class='ocrx_word' id='word_1_19' title='bbox 1418 855 1460 919; x_wconf 79' lang='lat' dir='ltr'>cf.</span> 
     </span>
     <span class='ocr_line' id='line_1_5' title="bbox 276 974 1078 1055; baseline -0.001 -14"><span class='ocrx_word' id='word_1_20' title='bbox 276 1001 320 1042; x_wconf 83' lang='lat' dir='ltr'>vs.</span> <span class='ocrx_word' id='word_1_21' title='bbox 350 981 411 1054; x_wconf 88' lang='lat'>13,</span> <span class='ocrx_word' id='word_1_22' title='bbox 437 979 499 1054; x_wconf 70' lang='lat'>29,</span> <span class='ocrx_word' id='word_1_23' title='bbox 525 979 593 1055; x_wconf 88' lang='lat'>88,</span> <span class='ocrx_word' id='word_1_24' title='bbox 621 979 706 1054; x_wconf 84' lang='lat'><strong>127,</strong></span> <span class='ocrx_word' id='word_1_25' title='bbox 736 979 820 1054; x_wconf 82' lang='lat'>136,</span> <span class='ocrx_word' id='word_1_26' title='bbox 847 979 911 1040; x_wconf 76' lang='lat'>445</span> <span class='ocrx_word' id='word_1_27' title='bbox 935 987 968 1040; x_wconf 87' lang='lat' dir='ltr'>ct</span> <span class='ocrx_word' id='word_1_28' title='bbox 991 974 1078 1040; x_wconf 83' lang='lat' dir='ltr'>alibi.</span> 
     </span>
    </p>

    <p class='ocr_par' dir='ltr' id='par_1_4' title="bbox 324 1091 1208 1161">
     <span class='ocr_line' id='line_1_6' title="bbox 324 1091 1208 1161; baseline 0 -1"><span class='ocrx_word' id='word_1_29' title='bbox 324 1097 435 1161; x_wconf 82' lang='lat' dir='ltr'><strong>Finem</strong></span> <span class='ocrx_word' id='word_1_30' title='bbox 455 1095 569 1160; x_wconf 83' lang='lat' dir='ltr'>faciam</span> <span class='ocrx_word' id='word_1_31' title='bbox 592 1096 625 1158; x_wconf 91' lang='lat' dir='ltr'>in</span> <span class='ocrx_word' id='word_1_32' title='bbox 649 1095 720 1159; x_wconf 91' lang='lat' dir='ltr'>loco</span> <span class='ocrx_word' id='word_1_33' title='bbox 745 1091 924 1160; x_wconf 81' lang='lat' dir='ltr'>Catulliano</span> <span class='ocrx_word' id='word_1_34' title='bbox 947 1095 1049 1160; x_wconf 75' lang='lat' dir='ltr'>carm.</span> <span class='ocrx_word' id='word_1_35' title='bbox 1071 1101 1110 1160; x_wconf 85' lang='lat'>21</span> <span class='ocrx_word' id='word_1_36' title='bbox 1137 1097 1208 1160; x_wconf 89' lang='lat' dir='ltr'>init.</span> 
     </span>
    </p>

    <p class='ocr_par' dir='ltr' id='par_1_5' title="bbox 281 1214 1466 2510">
     <span class='ocr_line' id='line_1_7' title="bbox 459 1214 958 1305; baseline 0.002 -26"><span class='ocrx_word' id='word_1_37' title='bbox 459 1214 591 1294; x_wconf 76' lang='lat' dir='ltr'>Aureli,</span> <span class='ocrx_word' id='word_1_38' title='bbox 614 1228 704 1305; x_wconf 86' lang='lat' dir='ltr'>pater</span> <span class='ocrx_word' id='word_1_39' title='bbox 728 1216 958 1293; x_wconf 89' lang='lat' dir='ltr'>esuritionum‚</span> 
     </span>
     <span class='ocr_line' id='line_1_8' title="bbox 459 1335 1251 1424; baseline -0.001 -24"><span class='ocrx_word' id='word_1_40' title='bbox 459 1335 531 1400; x_wconf 89' lang='lat' dir='ltr'>Non</span> <span class='ocrx_word' id='word_1_41' title='bbox 553 1337 677 1399; x_wconf 76' lang='lat' dir='ltr'>laurum</span> <span class='ocrx_word' id='word_1_42' title='bbox 700 1335 817 1415; x_wconf 92' lang='lat' dir='ltr'>modo,</span> <span class='ocrx_word' id='word_1_43' title='bbox 843 1335 897 1402; x_wconf 85' lang='lat' dir='ltr'>sed</span> <span class='ocrx_word' id='word_1_44' title='bbox 921 1348 998 1424; x_wconf 92' lang='lat' dir='ltr'>quot</span> <span class='ocrx_word' id='word_1_45' title='bbox 1021 1349 1077 1401; x_wconf 89' lang='lat' dir='ltr'>aut</span> <span class='ocrx_word' id='word_1_46' title='bbox 1098 1337 1251 1414; x_wconf 81' lang='lat' dir='ltr'>fuerunt,</span> 
     </span>
     <span class='ocr_line' id='line_1_9' title="bbox 460 1455 1122 1534; baseline 0.002 -14"><span class='ocrx_word' id='word_1_47' title='bbox 460 1455 524 1520; x_wconf 78' lang='lat' dir='ltr'>Aut</span> <span class='ocrx_word' id='word_1_48' title='bbox 548 1465 654 1534; x_wconf 83' lang='lat' dir='ltr'>sunt,</span> <span class='ocrx_word' id='word_1_49' title='bbox 679 1469 735 1521; x_wconf 89' lang='lat' dir='ltr'>aut</span> <span class='ocrx_word' id='word_1_50' title='bbox 755 1456 823 1521; x_wconf 87' lang='lat' dir='ltr'>aliis</span> <span class='ocrx_word' id='word_1_51' title='bbox 846 1469 941 1521; x_wconf 86' lang='lat' dir='ltr'>erunt</span> <span class='ocrx_word' id='word_1_52' title='bbox 963 1458 997 1521; x_wconf 90' lang='lat' dir='ltr'>in</span> <span class='ocrx_word' id='word_1_53' title='bbox 1021 1458 1122 1522; x_wconf 83' lang='lat' dir='ltr'>annis.</span> 
     </span>
     <span class='ocr_line' id='line_1_10' title="bbox 324 1576 1465 1665; baseline -0.002 -24"><span class='ocrx_word' id='word_1_54' title='bbox 324 1576 514 1642; x_wconf 87' lang='lat' dir='ltr'>Pronomine</span> <span class='ocrx_word' id='word_1_55' title='bbox 530 1577 654 1640; x_wconf 76' lang='lat' dir='ltr'>harum</span> <span class='ocrx_word' id='word_1_56' title='bbox 671 1576 804 1642; x_wconf 86' lang='lat' dir='ltr'>indicari</span> <span class='ocrx_word' id='word_1_57' title='bbox 823 1577 1026 1652; x_wconf 89' lang='lat' dir='ltr'>esuritiones,</span> <span class='ocrx_word' id='word_1_58' title='bbox 1040 1583 1130 1665; x_wconf 80' lang='lat' dir='ltr'>quae</span> <span class='ocrx_word' id='word_1_59' title='bbox 1145 1600 1235 1641; x_wconf 77' lang='lat' dir='ltr'>nuno</span> <span class='ocrx_word' id='word_1_60' title='bbox 1251 1584 1353 1654; x_wconf 79' lang='lat' dir='ltr'>sunt,</span> <span class='ocrx_word' id='word_1_61' title='bbox 1367 1597 1465 1639; x_wconf 90' lang='lat' dir='ltr'>unus-</span> 
     </span>
     <span class='ocr_line' id='line_1_11' title="bbox 281 1697 1466 1788; baseline -0.003 -26"><span class='ocrx_word' id='word_1_62' title='bbox 281 1699 414 1788; x_wconf 89' lang='lat' dir='ltr'>quisque</span> <span class='ocrx_word' id='word_1_63' title='bbox 436 1697 597 1786; x_wconf 82' lang='lat' dir='ltr'>intelligit.</span> <span class='ocrx_word' id='word_1_64' title='bbox 648 1697 722 1764; x_wconf 90' lang='lat' dir='ltr'>Non</span> <span class='ocrx_word' id='word_1_65' title='bbox 745 1699 841 1786; x_wconf 80' lang='lat' dir='ltr'>igitur</span> <span class='ocrx_word' id='word_1_66' title='bbox 865 1698 1030 1764; x_wconf 87' lang='lat' dir='ltr'>retinenda</span> <span class='ocrx_word' id='word_1_67' title='bbox 1054 1711 1101 1764; x_wconf 88' lang='lat' dir='ltr'>cst</span> <span class='ocrx_word' id='word_1_68' title='bbox 1124 1698 1218 1765; x_wconf 89' lang='lat' dir='ltr'>lectio</span> <span class='ocrx_word' id='word_1_69' title='bbox 1241 1697 1382 1786; x_wconf 79' lang='lat' dir='ltr'>vulgata3</span> <span class='ocrx_word' id='word_1_70' title='bbox 1408 1718 1466 1760; x_wconf 90' lang='lat' dir='ltr'>nc-</span> 
     </span>
     <span class='ocr_line' id='line_1_12' title="bbox 281 1817 1465 1908; baseline -0.003 -24"><span class='ocrx_word' id='word_1_71' title='bbox 281 1841 343 1907; x_wconf 85' lang='lat' dir='ltr'>quc</span> <span class='ocrx_word' id='word_1_72' title='bbox 365 1839 443 1908; x_wconf 89' lang='lat' dir='ltr'>opus</span> <span class='ocrx_word' id='word_1_73' title='bbox 465 1831 571 1883; x_wconf 89' lang='lat' dir='ltr'>tamen</span> <span class='ocrx_word' id='word_1_74' title='bbox 595 1831 641 1884; x_wconf 89' lang='lat' dir='ltr'>est</span> <span class='ocrx_word' id='word_1_75' title='bbox 675 1833 783 1885; x_wconf 89' lang='lat' dir='ltr'>notam</span> <span class='ocrx_word' id='word_1_76' title='bbox 807 1820 959 1908; x_wconf 87' lang='lat' dir='ltr'>loquendi</span> <span class='ocrx_word' id='word_1_77' title='bbox 989 1821 1159 1885; x_wconf 84' lang='lat' dir='ltr'>formulam</span> <span class='ocrx_word' id='word_1_78' title='bbox 1183 1819 1224 1885; x_wconf 89' lang='lat' dir='ltr'>de</span> <span class='ocrx_word' id='word_1_79' title='bbox 1248 1819 1342 1884; x_wconf 86' lang='lat' dir='ltr'>rebus</span> <span class='ocrx_word' id='word_1_80' title='bbox 1361 1817 1465 1881; x_wconf 92' lang='lat' dir='ltr'>homi-</span> 
     </span>
     <span class='ocr_line' id='line_1_13' title="bbox 282 1937 1465 2029; baseline -0.001 -27"><span class='ocrx_word' id='word_1_81' title='bbox 282 1939 437 2026; x_wconf 86' lang='lat' dir='ltr'>nibusque</span> <span class='ocrx_word' id='word_1_82' title='bbox 458 1939 757 2029; x_wconf 77' lang='lat' dir='ltr'>incomparabilibus</span> <span class='ocrx_word' id='word_1_83' title='bbox 786 1939 913 2004; x_wconf 78' lang='lat' dir='ltr'>aliunde</span> <span class='ocrx_word' id='word_1_84' title='bbox 938 1939 1117 2018; x_wconf 82' lang='lat' dir='ltr'>illustrare3</span> <span class='ocrx_word' id='word_1_85' title='bbox 1145 1938 1288 2005; x_wconf 77' lang='lat' dir='ltr'>Catullus</span> <span class='ocrx_word' id='word_1_86' title='bbox 1320 1960 1376 2003; x_wconf 93' lang='lat' dir='ltr'>nos</span> <span class='ocrx_word' id='word_1_87' title='bbox 1399 1937 1465 2026; x_wconf 84' lang='lat' dir='ltr'>ipsc</span> 
     </span>
     <span class='ocr_line' id='line_1_14' title="bbox 285 2058 962 2149; baseline -0.003 -25"><span class='ocrx_word' id='word_1_88' title='bbox 285 2058 419 2124; x_wconf 84' lang='lat' dir='ltr'>docebit.</span> <span class='ocrx_word' id='word_1_89' title='bbox 468 2059 601 2125; x_wconf 80' lang='lat' dir='ltr'>Carmen</span> <span class='ocrx_word' id='word_1_90' title='bbox 626 2065 668 2124; x_wconf 84' lang='lat'>24</span> <span class='ocrx_word' id='word_1_91' title='bbox 692 2061 805 2149; x_wconf 80' lang='lat' dir='ltr'>incipit</span> <span class='ocrx_word' id='word_1_92' title='bbox 829 2059 869 2123; x_wconf 89' lang='lat' dir='ltr'>ab</span> <span class='ocrx_word' id='word_1_93' title='bbox 889 2058 962 2122; x_wconf 87' lang='lat' dir='ltr'>his:</span> 
     </span>
     <span class='ocr_line' id='line_1_15' title="bbox 463 2178 1085 2268; baseline -0.003 -23"><span class='ocrx_word' id='word_1_94' title='bbox 463 2178 489 2246; x_wconf 94' lang='lat'>0</span> <span class='ocrx_word' id='word_1_95' title='bbox 506 2229 514 2258; x_wconf 90' lang='lat'>‚</span> <span class='ocrx_word' id='word_1_96' title='bbox 540 2181 596 2268; x_wconf 90' lang='lat' dir='ltr'>qui</span> <span class='ocrx_word' id='word_1_97' title='bbox 620 2180 770 2244; x_wconf 88' lang='lat' dir='ltr'>flosculus</span> <span class='ocrx_word' id='word_1_98' title='bbox 792 2203 824 2244; x_wconf 89' lang='lat' dir='ltr'>es</span> <span class='ocrx_word' id='word_1_99' title='bbox 845 2179 1085 2256; x_wconf 74' lang='lat' dir='ltr'>quentiorum,</span> 
     </span>
     <span class='ocr_line' id='line_1_16' title="bbox 463 2299 1252 2388; baseline -0.001 -23"><span class='ocrx_word' id='word_1_100' title='bbox 463 2300 535 2365; x_wconf 89' lang='lat' dir='ltr'>Non</span> <span class='ocrx_word' id='word_1_101' title='bbox 558 2303 678 2365; x_wconf 79' lang='lat' dir='ltr'>horum</span> <span class='ocrx_word' id='word_1_102' title='bbox 702 2299 819 2378; x_wconf 91' lang='lat' dir='ltr'>modo,</span> <span class='ocrx_word' id='word_1_103' title='bbox 844 2299 898 2365; x_wconf 89' lang='lat' dir='ltr'>sed</span> <span class='ocrx_word' id='word_1_104' title='bbox 923 2312 1000 2388; x_wconf 89' lang='lat' dir='ltr'>quot</span> <span class='ocrx_word' id='word_1_105' title='bbox 1020 2312 1076 2364; x_wconf 88' lang='lat' dir='ltr'>aut</span> <span class='ocrx_word' id='word_1_106' title='bbox 1098 2300 1252 2377; x_wconf 79' lang='lat' dir='ltr'>luerunt,</span> 
     </span>
     <span class='ocr_line' id='line_1_17' title="bbox 464 2419 1073 2510; baseline 0 -26"><span class='ocrx_word' id='word_1_107' title='bbox 464 2419 528 2485; x_wconf 76' lang='lat' dir='ltr'>Aut</span> <span class='ocrx_word' id='word_1_108' title='bbox 550 2421 682 2510; x_wconf 83' lang='lat' dir='ltr'>posthac</span> <span class='ocrx_word' id='word_1_109' title='bbox 705 2421 773 2485; x_wconf 84' lang='lat' dir='ltr'>aliis</span> <span class='ocrx_word' id='word_1_110' title='bbox 796 2432 892 2486; x_wconf 88' lang='lat' dir='ltr'>erunt</span> <span class='ocrx_word' id='word_1_111' title='bbox 916 2422 949 2485; x_wconf 95' lang='lat' dir='ltr'>in</span> <span class='ocrx_word' id='word_1_112' title='bbox 973 2422 1073 2484; x_wconf 83' lang='lat' dir='ltr'>annis.</span> 
     </span>
    </p>

    <p class='ocr_par' dir='ltr' id='par_1_6' title="bbox 287 2545 549 2606">
     <span class='ocr_line' id='line_1_18' title="bbox 287 2545 549 2606; baseline 0 -2"><span class='ocrx_word' id='word_1_113' title='bbox 287 2553 318 2604; x_wconf 89' lang='lat' dir='ltr'>et</span> <span class='ocrx_word' id='word_1_114' title='bbox 341 2563 466 2606; x_wconf 88' lang='lat' dir='ltr'>carmen</span> <span class='ocrx_word' id='word_1_115' title='bbox 488 2545 549 2605; x_wconf 82' lang='lat'>49:</span> 
     </span>
    </p>
   </div>
   <div class='ocr_carea' id='block_1_3' title="bbox 464 2630 1020 2749">
    <p class='ocr_par' dir='ltr' id='par_1_7' title="bbox 464 2630 1020 2749">
     <span class='ocr_line' id='line_1_19' title="bbox 464 2630 1020 2749; baseline -0.002 -24"><span class='ocrx_word' id='word_1_116' title='bbox 464 2659 671 2726; x_wconf 81' lang='lat' dir='ltr'>Disertissime</span> <span class='ocrx_word' id='word_1_117' title='bbox 692 2660 820 2724; x_wconf 87' lang='lat' dir='ltr'>Romuli</span> <span class='ocrx_word' id='word_1_118' title='bbox 843 2630 1020 2749; x_wconf 75' lang='lat' dir='ltr'>neqiotum,</span> 
     </span>
    </p>
   </div>
   <div class='ocr_carea' id='block_1_4' title="bbox 288 2779 1470 3352">
    <p class='ocr_par' dir='ltr' id='par_1_8' title="bbox 288 2779 1470 3352">
     <span class='ocr_line' id='line_1_20' title="bbox 451 2779 1234 2869; baseline 0 -25"><span class='ocrx_word' id='word_1_119' title='bbox 451 2781 550 2866; x_wconf 73' lang='lat' dir='ltr'>¹Quot</span> <span class='ocrx_word' id='word_1_120' title='bbox 573 2793 667 2858; x_wconf 88' lang='lat' dir='ltr'>sunt,</span> <span class='ocrx_word' id='word_1_121' title='bbox 694 2793 835 2869; x_wconf 88' lang='lat' dir='ltr'>quotque</span> <span class='ocrx_word' id='word_1_122' title='bbox 857 2780 970 2860; x_wconf 86' lang='lat' dir='ltr'>fuere,</span> <span class='ocrx_word' id='word_1_123' title='bbox 994 2780 1101 2845; x_wconf 81' lang='lat' dir='ltr'>Marce</span> <span class='ocrx_word' id='word_1_124' title='bbox 1126 2779 1234 2858; x_wconf 87' lang='lat' dir='ltr'>Tulli,</span> 
     </span>
     <span class='ocr_line' id='line_1_21' title="bbox 410 2900 1088 2990; baseline -0.003 -24"><span class='ocrx_word' id='word_1_125' title='bbox 410 2943 413 2949; x_wconf 90' lang='lat'><em>·</em></span> <span class='ocrx_word' id='word_1_126' title='bbox 463 2913 605 2990; x_wconf 88' lang='lat' dir='ltr'>quotque</span> <span class='ocrx_word' id='word_1_127' title='bbox 629 2913 699 2990; x_wconf 85' lang='lat' dir='ltr'>post</span> <span class='ocrx_word' id='word_1_128' title='bbox 722 2901 790 2966; x_wconf 88' lang='lat' dir='ltr'>aliis</span> <span class='ocrx_word' id='word_1_129' title='bbox 814 2913 909 2967; x_wconf 86' lang='lat' dir='ltr'>erunt</span> <span class='ocrx_word' id='word_1_130' title='bbox 930 2902 964 2965; x_wconf 94' lang='lat' dir='ltr'>in</span> <span class='ocrx_word' id='word_1_131' title='bbox 987 2900 1088 2965; x_wconf 83' lang='lat' dir='ltr'>annis.</span> 
     </span>
     <span class='ocr_line' id='line_1_22' title="bbox 330 3018 1470 3110; baseline -0.001 -25"><span class='ocrx_word' id='word_1_132' title='bbox 330 3021 366 3085; x_wconf 93' lang='lat' dir='ltr'>ln</span> <span class='ocrx_word' id='word_1_133' title='bbox 401 3022 540 3086; x_wconf 88' lang='lat' dir='ltr'>carmine</span> <span class='ocrx_word' id='word_1_134' title='bbox 576 3021 678 3110; x_wconf 89' lang='lat' dir='ltr'>primo</span> <span class='ocrx_word' id='word_1_135' title='bbox 713 3022 810 3108; x_wconf 81' lang='lat' dir='ltr'>igitur</span> <span class='ocrx_word' id='word_1_136' title='bbox 841 3023 874 3086; x_wconf 95' lang='lat' dir='ltr'>in</span> <span class='ocrx_word' id='word_1_137' title='bbox 908 3043 1000 3085; x_wconf 81' lang='lat' dir='ltr'>versu</span> <span class='ocrx_word' id='word_1_138' title='bbox 1030 3021 1122 3085; x_wconf 88' lang='lat' dir='ltr'>tertio</span> <span class='ocrx_word' id='word_1_139' title='bbox 1157 3018 1386 3087; x_wconf 87' lang='lat' dir='ltr'>restituendum</span> <span class='ocrx_word' id='word_1_140' title='bbox 1418 3041 1470 3084; x_wconf 81' lang='lat' dir='ltr'>ar-</span> 
     </span>
     <span class='ocr_line' id='line_1_23' title="bbox 288 3141 407 3208; baseline 0.034 -4"><span class='ocrx_word' id='word_1_141' title='bbox 288 3141 407 3208; x_wconf 88' lang='lat' dir='ltr'>bitror:</span> 
     </span>
     <span class='ocr_line' id='line_1_24' title="bbox 513 3261 1133 3352; baseline -0.002 -25"><span class='ocrx_word' id='word_1_142' title='bbox 513 3261 576 3328; x_wconf 80' lang='lat' dir='ltr'>Aut</span> <span class='ocrx_word' id='word_1_143' title='bbox 594 3263 746 3352; x_wconf 76' lang='lat' dir='ltr'>posthac</span> <span class='ocrx_word' id='word_1_144' title='bbox 769 3262 836 3328; x_wconf 84' lang='lat' dir='ltr'>aliis</span> <span class='ocrx_word' id='word_1_145' title='bbox 859 3274 954 3328; x_wconf 85' lang='lat' dir='ltr'>erunt</span> <span class='ocrx_word' id='word_1_146' title='bbox 976 3264 1009 3328; x_wconf 92' lang='lat' dir='ltr'>in</span> <span class='ocrx_word' id='word_1_147' title='bbox 1033 3263 1133 3327; x_wconf 86' lang='lat' dir='ltr'>annis.</span> 
     </span>
    </p>
   </div>
   <div class='ocr_carea' id='block_1_5' title="bbox 0 0 1776 5492">
    <p class='ocr_par' dir='ltr' id='par_1_9' title="bbox 0 0 1776 5492">
     <span class='ocr_line' id='line_1_25' title="bbox 0 0 1776 5492; baseline 0 0"><span class='ocrx_word' id='word_1_148' title='bbox 0 0 1776 5492; x_wconf 95' lang='lat' dir='ltr'> </span> 
     </span>
    </p>
   </div>
  </div>
 </body>
</html>
