3542 5492
861 429 902 490 27

279 632 358 686 tunc
381 615 530 706 temporis
562 614 679 678 mallus
711 614 807 678 alius
831 636 884 678 rex
908 634 1004 676 curae
1035 611 1120 688 luit,
1151 609 1253 674 multo
1281 610 1395 674 melius
1417 622 1465 675 est

280 736 524 808 Alexandrini
558 735 674 800 abesse.
735 734 839 798 Etiam
870 734 904 798 in
936 757 985 823 ep.
1013 736 1044 797 la
1062 732 1148 798 nude
1182 754 1246 796 rea
1277 730 1464 820 appellatur.

281 860 436 928 Similiter
451 857 484 921 in
507 860 594 946 ep.8
620 858 693 939 §32
721 876 741 918 t<
753 855 820 943 ugo
833 854 857 920 is
878 877 968 933 sum,
990 855 1043 920 cui
1066 854 1116 920 rel
1133 853 1268 924 maxime
1290 851 1466 917 concedant

279 1003 409 1058 omncs,
443 991 477 1043 ut
509 977 548 1042 ad
575 977 688 1043 uostra'
703 998 754 1040 me
788 973 892 1040 studia
915 974 1050 1040 referam
1081 976 1330 1051 litterarum»
1354 972 1467 1038 ultima

278 1125 339 1170 xor
361 1101 461 1189 glossa
484 1097 665 1186 marginalis
688 1095 834 1162 habenda
858 1109 914 1160 est.
1003 1085 1010 1116 ¹

283 1273 287 1280 .
327 1222 365 1286 ln
389 1223 407 1305 §
427 1223 449 1284 6
471 1217 551 1283 haec
574 1218 729 1284 sententia
752 1216 940 1282 exhibetur:
968 1217 1050 1282 «Tu
1071 1217 1166 1283 velim
1191 1215 1249 1281 tibi
1272 1216 1316 1280 ita
1335 1237 1468 1304 persua-

282 1343 355 1410 deas
382 1340 503 1406 nullam
528 1363 684 1405 ramesse
717 1342 912 1417 minimam,
946 1362 1027 1428 quae
1051 1337 1091 1402 ad
1111 1350 1143 1404 te
1173 1338 1351 1427 pertineat,
1384 1358 1468 1423 quac

281 1463 360 1532 mihi
390 1485 456 1527 nou
488 1462 589 1526 carior
612 1461 670 1539 sit,
707 1483 804 1548 quam
828 1483 918 1526 meae
953 1483 1002 1525 res
1035 1483 1189 1526 omnes.»
1245 1457 1376 1547 Aliquid
1405 1458 1467 1523 hoc

280 1585 351 1649 looo
376 1582 503 1659 deesse,
536 1603 644 1648 omnes
666 1580 766 1645 ferme
790 1582 1002 1646 consentiunt.
1049 1580 1224 1647 Lambinus
1250 1580 1386 1646 coniecit
1413 1581 1469 1643 ael

282 1707 461 1769 minimam
473 1723 485 1780 ,·
519 1701 600 1768 mihi
622 1702 654 1765 iu
683 1713 823 1766 mentem
846 1702 933 1767 venit
964 1705 1071 1766 etiam
1098 1705 1275 1765 minimam
1305 1699 1380 1765 coll.
1396 1698 1466 1764 Xll.

282 1849 322 1915 ep
354 1828 394 1889 16
421 1825 438 1907 §
462 1825 493 1887 l.

333 1945 393 2032 up.
417 1947 437 2008 9
462 1945 479 2028 §
500 1947 556 2010 23.
605 1942 754 2033 «Scripsi
771 1943 867 2032 igitur
888 1942 1076 2008 Aristotelen
1095 1965 1182 2007 more
1203 1993 1210 2006 .
1229 1993 1261 2007 ..
1288 1954 1350 2006 tres
1372 1940 1469 2005 libros

287 2069 324 2129 ia
347 2064 588 2154 disputatione
611 2087 654 2128 ac
674 2064 814 2152 dialogo
833 2063 873 2129 de
898 2062 1050 2143 Oratore,
1075 2086 1154 2152 quos
1173 2062 1310 2128 arbitror
1332 2061 1468 2128 Lentulo

285 2167 340 2252 tuo
363 2185 430 2250 fore
453 2208 518 2250 non
544 2184 672 2250 inutiles
689 2221 734 2234 -
748 2222 805 2249 -.
862 2182 981 2274 Scripsi
1005 2185 1100 2250 etiam
1124 2183 1264 2249 versibus
1287 2194 1350 2248 tres
1372 2182 1469 2247 libros

284 2306 323 2372 de
342 2305 537 2394 temporibus
560 2307 662 2384 meis,
688 2328 765 2394 quos
795 2306 859 2371 iam
882 2306 1006 2396 pridem
1037 2304 1076 2370 ad
1101 2318 1133 2371 te
1154 2305 1330 2383 misissem,
1355 2305 1470 2370 siesse

288 2426 424 2492 edendos
447 2439 606 2516 putassem
629 2463 675 2476 —
695 2465 763 2505 -,
789 2427 843 2493 sed
859 2431 944 2515 qaia
968 2426 1124 2505 verebar,
1147 2450 1213 2492 non
1247 2449 1323 2503 eos,
1349 2425 1406 2513 qui
1437 2448 1470 2492 se

290 2547 389 2611 laesos
413 2547 639 2634 arbitrarentur
656 2583 783 2628 —-··—,
812 2547 962 2627 sedeas,
998 2571 1077 2636 quos
1107 2559 1175 2612 erat
1202 2546 1366 2611 inlinitum
1388 2544 1470 2610 bene

289 2667 329 2732 de
347 2690 398 2732 me
414 2669 539 2733 meritos
563 2691 671 2735 omnes
695 2669 903 2734 nominare.»
957 2667 1244 2756 Martyni-Laguna
1267 2667 1330 2732 iam
1354 2664 1470 2732 delevit

288 2793 327 2852 in
350 2788 590 2878 disputatione
613 2813 657 2854 ac
683 2790 846 2879 dialogo,
872 2812 946 2854 cum
968 2788 1081 2854 eodem
1112 2788 1287 2854 Gronovius
1310 2789 1395 2875 qaia
1418 2785 1471 2851 de-

283 2910 344 2974 leri
363 2910 460 2976 iubet.
511 2909 602 2995 Quod
633 2910 672 2975 ad
696 2915 781 2999 qaia
805 2912 941 2989 attinet,
965 2910 998 2976 id
1020 2910 1222 2976 retinendum
1245 2935 1311 2976 esse
1338 2923 1470 2976 conten·

288 3029 352 3108 do,
376 3030 430 3096 sed
460 3030 694 3096 emendandum
718 3044 750 3096 et
783 3031 956 3120 legendum
980 3036 1093 3119 queri.
1142 3030 1238 3096 Multi
1259 3055 1334 3097 saue
1353 3054 1471 3119 quere

290 3160 434 3230 rentur,
460 3151 546 3240 quod
568 3173 633 3216 non
663 3163 753 3216 erant
776 3152 941 3217 nominati.
988 3153 1088 3218 Recte
1111 3175 1204 3241 porro
1223 3153 1367 3217 Klotaius
1392 3155 1468 3237 §25

286 3291 324 3337 ex
347 3271 489 3338 Mediceo
513 3272 631 3361 recepit
656 3283 782 3349 «sunt,
809 3272 864 3360 qui
879 3280 1065 3361 pataram>
1088 3295 1180 3350 nam,
1206 3273 1362 3361 quidquid
1385 3272 1472 3338 docti

289 3391 328 3458 de
351 3416 387 3458 eo
411 3392 505 3458 modo
527 3392 652 3458 dicendi
671 3392 847 3458 docuerunt
859 3442 867 3471 ,
893 3392 956 3457 hoc
983 3405 1106 3459 certum
1129 3417 1195 3459 esse
1219 3393 1343 3459 ridetur
1365 3395 1399 3458 in
1418 3394 1472 3458 di·

286 3519 421 3579 visione
441 3521 612 3578 certorum
628 3512 795 3577 bominum
819 3511 1029 3579 indicativum
1053 3538 1120 3580 esse
1143 3514 1369 3582 adhibendum.
1405 3515 1470 3582 No·

286 3635 359 3701 bilis
382 3647 428 3700 est
450 3635 539 3700 locus
562 3634 749 3710 Plautinus,
781 3655 876 3721 quern
901 3634 1085 3700 exscribam.
1132 3637 1264 3725 Legitur
1286 3637 1374 3702 Triu.
1400 3636 1427 3702 Ι.
1451 3641 1470 3702 2

289 3782 333 3822 vs.
361 3762 415 3822 54.

289 3877 377 3944 Meu.
426 3875 551 3942 Haben'
577 3889 612 3941 tn
639 3875 777 3941 amicum
801 3888 857 3941 aut
877 3876 1067 3943 familiarem
1090 3879 1296 3969 quempiam,

428 3999 511 4084 Qoui
532 4009 642 4087 pectus
663 3997 787 4085 sapiat?
812 3995 913 4062 Cant.
963 3997 1086 4087 Edepol
1105 3998 1191 4064 haud
1209 3999 1314 4066 dicam
1333 4001 1419 4068 dolo.

428 4117 535 4198 Sani,
556 4141 641 4206 quos
661 4120 734 4182 scio
757 4141 824 4183 esse
842 4118 983 4200 amieos;
1011 4129 1118 4199 sant,
1142 4144 1226 4209 qaas
1247 4126 1409 4208 suspicor
1422 4146 1436 4200 ,·

428 4239 490 4306 Set
508 4262 652 4327 qaorum
674 4239 801 4328 ingenia
824 4251 921 4328 atque
944 4240 1065 4306 animos
1082 4264 1207 4330 nequeo
1226 4264 1378 4320 noscere,

431 4360 494 4448 [Ad
517 4361 612 4426 amici
634 4372 778 4449 partem,
803 4383 844 4426 an
866 4360 906 4426 ad
924 4361 1047 4428 inimici
1067 4363 1281 4452 perveniantl.

336 4484 373 4548 In
399 4484 416 4568 §
438 4485 492 4546 26.
538 4481 692 4570 «Scripta
715 4482 778 4546 iam
801 4483 933 4571 epistola
957 4487 1158 4574 superiore,
1180 4485 1288 4575 accepi
1310 4497 1381 4550 tuas
1405 4485 1473 4572 epi-

289 4605 383 4670 stolas
406 4603 445 4670 de
475 4600 702 4693 publicanis»
758 4603 898 4692 Epistola
921 4604 975 4670 illa
999 4609 1163 4694 superior
1184 4619 1253 4671 erat
1275 4607 1356 4672 haec
1382 4605 1473 4693 ipsa,

253 4712 263 4727 ¹
294 4747 389 4812 quarn
401 4727 552 4792 missurus
564 4735 630 4789 erat
643 4771 651 4800 ,
665 4736 695 4788 et
711 4724 806 4812 igitur
820 4726 972 4791 vocabulo
986 4731 1168 4818 superiore
1179 4727 1272 4793 facile
1285 4727 1471 4795 carebimus.

1217 4852 1232 4900 4
1243 4849 1257 4879 Ι
