<?xml version="1.0" encoding="UTF-8"?>
<!DOCTYPE html PUBLIC "-//W3C//DTD XHTML 1.0 Transitional//EN"
    "http://www.w3.org/TR/xhtml1/DTD/xhtml1-transitional.dtd">
<html xmlns="http://www.w3.org/1999/xhtml" xml:lang="en" lang="en">
 <head>
  <title>
</title>
<meta http-equiv="Content-Type" content="text/html;charset=utf-8" />
  <meta name='ocr-system' content='tesseract 3.04.00' />
  <meta name='ocr-capabilities' content='ocr_page ocr_carea ocr_par ocr_line ocrx_word'/>
</head>
<body>
  <div class='ocr_page' id='page_1' title='image "./observationescr00kleygoog_0009.png"; bbox 0 0 3542 5492; ppageno 0'>
   <div class='ocr_carea' id='block_1_1' title="bbox 639 1261 1070 1358">
    <p class='ocr_par' dir='ltr' id='par_1_1' title="bbox 639 1261 1070 1358">
     <span class='ocr_line' id='line_1_1' title="bbox 639 1261 1070 1358; baseline -0.014 0"><span class='ocrx_word' id='word_1_1' title='bbox 639 1263 806 1358; x_wconf 77' lang='lat' dir='ltr'><strong>Plus</strong></span> <span class='ocrx_word' id='word_1_2' title='bbox 852 1261 1070 1353; x_wconf 84' lang='lat' dir='ltr'><strong>PRIOR.</strong></span> 
     </span>
    </p>
   </div>
   <div class='ocr_carea' id='block_1_2' title="bbox 800 1565 907 1601">
    <p class='ocr_par' dir='ltr' id='par_1_2' title="bbox 800 1565 907 1601">
     <span class='ocr_line' id='line_1_2' title="bbox 800 1565 907 1601; baseline 0 -14"><span class='ocrx_word' id='word_1_3' title='bbox 800 1565 907 1601; x_wconf 53' lang='grc' dir='ltr'>...ψ-</span> 
     </span>
    </p>
   </div>
   <div class='ocr_carea' id='block_1_3' title="bbox 259 1805 1443 2740">
    <p class='ocr_par' dir='ltr' id='par_1_3' title="bbox 259 1805 1443 2740">
     <span class='ocr_line' id='line_1_3' title="bbox 308 1805 1441 1901; baseline -0.004 -23"><span class='ocrx_word' id='word_1_4' title='bbox 308 1813 510 1901; x_wconf 82' lang='lat' dir='ltr'><strong>Quicumque</strong></span> <span class='ocrx_word' id='word_1_5' title='bbox 537 1811 624 1876; x_wconf 90' lang='lat' dir='ltr'><strong>omni</strong></span> <span class='ocrx_word' id='word_1_6' title='bbox 655 1831 715 1899; x_wconf 89' lang='lat' dir='ltr'><strong>ope</strong></span> <span class='ocrx_word' id='word_1_7' title='bbox 744 1806 857 1872; x_wconf 86' lang='lat' dir='ltr'><strong>nititur</strong></span> <span class='ocrx_word' id='word_1_8' title='bbox 879 1828 1068 1895; x_wconf 77' lang='lat' dir='ltr'><strong>cognoscere</strong></span> <span class='ocrx_word' id='word_1_9' title='bbox 1090 1805 1293 1874; x_wconf 77' lang='lat' dir='ltr'><strong>Latinitatem</strong></span> <span class='ocrx_word' id='word_1_10' title='bbox 1316 1829 1441 1887; x_wconf 83' lang='lat' dir='ltr'><strong>veram,</strong></span> 
     </span>
     <span class='ocr_line' id='line_1_4' title="bbox 261 1926 1442 2022; baseline -0.006 -22"><span class='ocrx_word' id='word_1_11' title='bbox 261 1934 444 2022; x_wconf 86' lang='lat' dir='ltr'><strong>exquisitam</strong></span> <span class='ocrx_word' id='word_1_12' title='bbox 476 1945 508 1998; x_wconf 93' lang='lat' dir='ltr'><strong>et</strong></span> <span class='ocrx_word' id='word_1_13' title='bbox 539 1931 715 2007; x_wconf 84' lang='lat' dir='ltr'><strong>excultam,</strong></span> <span class='ocrx_word' id='word_1_14' title='bbox 746 1928 903 2015; x_wconf 90' lang='lat' dir='ltr'><strong>simulque</strong></span> <span class='ocrx_word' id='word_1_15' title='bbox 933 1927 966 1991; x_wconf 93' lang='lat' dir='ltr'><strong>id</strong></span> <span class='ocrx_word' id='word_1_16' title='bbox 997 1926 1081 2015; x_wconf 77' lang='lat' dir='ltr'><strong>agit,</strong></span> <span class='ocrx_word' id='word_1_17' title='bbox 1113 1939 1149 1991; x_wconf 93' lang='lat' dir='ltr'><strong>ut</strong></span> <span class='ocrx_word' id='word_1_18' title='bbox 1176 1951 1242 1992; x_wconf 89' lang='lat' dir='ltr'><strong>rem</strong></span> <span class='ocrx_word' id='word_1_19' title='bbox 1266 1928 1442 1993; x_wconf 84' lang='lat' dir='ltr'><strong>Romanam</strong></span> 
     </span>
     <span class='ocr_line' id='line_1_5' title="bbox 260 2046 1443 2144; baseline -0.004 -26"><span class='ocrx_word' id='word_1_20' title='bbox 260 2053 421 2144; x_wconf 88' lang='lat' dir='ltr'><strong>publicam</strong></span> <span class='ocrx_word' id='word_1_21' title='bbox 452 2066 483 2120; x_wconf 87' lang='lat' dir='ltr'><strong>ct</strong></span> <span class='ocrx_word' id='word_1_22' title='bbox 509 2052 664 2142; x_wconf 80' lang='lat' dir='ltr'><strong>privatam</strong></span> <span class='ocrx_word' id='word_1_23' title='bbox 687 2061 786 2115; x_wconf 90' lang='lat' dir='ltr'><strong>totam</strong></span> <span class='ocrx_word' id='word_1_24' title='bbox 810 2059 842 2113; x_wconf 91' lang='lat' dir='ltr'><strong>et</strong></span> <span class='ocrx_word' id='word_1_25' title='bbox 864 2046 991 2137; x_wconf 91' lang='lat' dir='ltr'><strong>penitus</strong></span> <span class='ocrx_word' id='word_1_26' title='bbox 1013 2047 1202 2137; x_wconf 89' lang='lat' dir='ltr'><strong>perspiciat,</strong></span> <span class='ocrx_word' id='word_1_27' title='bbox 1228 2048 1252 2112; x_wconf 90' lang='lat' dir='ltr'><strong>is</strong></span> <span class='ocrx_word' id='word_1_28' title='bbox 1277 2071 1347 2113; x_wconf 88' lang='lat' dir='ltr'><strong>meo</strong></span> <span class='ocrx_word' id='word_1_29' title='bbox 1371 2050 1443 2137; x_wconf 90' lang='lat' dir='ltr'><strong>qui-</strong></span> 
     </span>
     <span class='ocr_line' id='line_1_6' title="bbox 259 2164 1442 2259; baseline -0.004 -21"><span class='ocrx_word' id='word_1_30' title='bbox 259 2173 332 2240; x_wconf 91' lang='lat' dir='ltr'><strong>dem</strong></span> <span class='ocrx_word' id='word_1_31' title='bbox 360 2172 477 2240; x_wconf 90' lang='lat' dir='ltr'><strong>iudicio</strong></span> <span class='ocrx_word' id='word_1_32' title='bbox 504 2172 597 2237; x_wconf 90' lang='lat' dir='ltr'><strong>debet</strong></span> <span class='ocrx_word' id='word_1_33' title='bbox 625 2169 765 2259; x_wconf 86' lang='lat' dir='ltr'><strong>incipere</strong></span> <span class='ocrx_word' id='word_1_34' title='bbox 796 2190 814 2231; x_wconf 93' lang='lat' dir='ltr'><strong>a</strong></span> <span class='ocrx_word' id='word_1_35' title='bbox 848 2164 1008 2233; x_wconf 82' lang='lat' dir='ltr'><strong>Ciceronis</strong></span> <span class='ocrx_word' id='word_1_36' title='bbox 1036 2167 1193 2256; x_wconf 87' lang='lat' dir='ltr'><strong>epistolis,</strong></span> <span class='ocrx_word' id='word_1_37' title='bbox 1226 2191 1321 2258; x_wconf 90' lang='lat' dir='ltr'><strong>opere</strong></span> <span class='ocrx_word' id='word_1_38' title='bbox 1350 2168 1442 2233; x_wconf 82' lang='lat' dir='ltr'><strong>nobi-</strong></span> 
     </span>
     <span class='ocr_line' id='line_1_7' title="bbox 259 2287 1443 2381; baseline -0.003 -21"><span class='ocrx_word' id='word_1_39' title='bbox 259 2294 376 2360; x_wconf 89' lang='lat' dir='ltr'><strong>lissimo</strong></span> <span class='ocrx_word' id='word_1_40' title='bbox 407 2306 458 2373; x_wconf 89' lang='lat' dir='ltr'><strong>ct,</strong></span> <span class='ocrx_word' id='word_1_41' title='bbox 491 2293 516 2358; x_wconf 91' lang='lat' dir='ltr'><strong>si</strong></span> <span class='ocrx_word' id='word_1_42' title='bbox 547 2290 630 2381; x_wconf 92' lang='lat' dir='ltr'><strong>quod</strong></span> <span class='ocrx_word' id='word_1_43' title='bbox 662 2288 768 2368; x_wconf 92' lang='lat' dir='ltr'><strong>aliud,</strong></span> <span class='ocrx_word' id='word_1_44' title='bbox 799 2311 915 2378; x_wconf 76' lang='lat' dir='ltr'><strong>magno</strong></span> <span class='ocrx_word' id='word_1_45' title='bbox 944 2300 1067 2354; x_wconf 90' lang='lat' dir='ltr'><strong>oratore</strong></span> <span class='ocrx_word' id='word_1_46' title='bbox 1089 2287 1282 2377; x_wconf 78' lang='lat' dir='ltr'><strong>dignissimo.</strong></span> <span class='ocrx_word' id='word_1_47' title='bbox 1331 2289 1443 2379; x_wconf 86' lang='lat' dir='ltr'><strong>Neque</strong></span> 
     </span>
     <span class='ocr_line' id='line_1_8' title="bbox 260 2408 1443 2498; baseline -0.004 -18"><span class='ocrx_word' id='word_1_48' title='bbox 260 2415 340 2480; x_wconf 90' lang='lat' dir='ltr'><strong>mihi</strong></span> <span class='ocrx_word' id='word_1_49' title='bbox 362 2415 422 2478; x_wconf 90' lang='lat' dir='ltr'><strong>alia</strong></span> <span class='ocrx_word' id='word_1_50' title='bbox 446 2436 539 2479; x_wconf 86' lang='lat' dir='ltr'><strong>causa</strong></span> <span class='ocrx_word' id='word_1_51' title='bbox 561 2413 655 2478; x_wconf 88' lang='lat' dir='ltr'><strong>fuisse</strong></span> <span class='ocrx_word' id='word_1_52' title='bbox 679 2409 821 2490; x_wconf 86' lang='lat' dir='ltr'><strong>ridetur,</strong></span> <span class='ocrx_word' id='word_1_53' title='bbox 848 2431 905 2474; x_wconf 90' lang='lat' dir='ltr'><strong>cur</strong></span> <span class='ocrx_word' id='word_1_54' title='bbox 928 2432 946 2473; x_wconf 93' lang='lat' dir='ltr'><strong>a</strong></span> <span class='ocrx_word' id='word_1_55' title='bbox 965 2408 1160 2498; x_wconf 89' lang='lat' dir='ltr'><strong>principibus</strong></span> <span class='ocrx_word' id='word_1_56' title='bbox 1179 2409 1262 2475; x_wconf 88' lang='lat' dir='ltr'><strong>inter</strong></span> <span class='ocrx_word' id='word_1_57' title='bbox 1279 2410 1443 2476; x_wconf 85' lang='lat' dir='ltr'><strong>literarum</strong></span> 
     </span>
     <span class='ocr_line' id='line_1_9' title="bbox 262 2523 1442 2623; baseline -0.002 -25"><span class='ocrx_word' id='word_1_58' title='bbox 262 2534 448 2606; x_wconf 88' lang='lat' dir='ltr'><strong>Latinarum</strong></span> <span class='ocrx_word' id='word_1_59' title='bbox 470 2534 601 2620; x_wconf 88' lang='lat' dir='ltr'><strong>peritos,</strong></span> <span class='ocrx_word' id='word_1_60' title='bbox 626 2545 695 2596; x_wconf 89' lang='lat' dir='ltr'><strong>tum</strong></span> <span class='ocrx_word' id='word_1_61' title='bbox 717 2523 1209 2623; x_wconf 49' lang='lat' dir='ltr'><strong>remotioris,3tsr&#39;etirr&#39;receutioris</strong></span> <span class='ocrx_word' id='word_1_62' title='bbox 1230 2531 1338 2596; x_wconf 90' lang='lat' dir='ltr'><strong>aetatis</strong></span> <span class='ocrx_word' id='word_1_63' title='bbox 1358 2543 1442 2596; x_wconf 90' lang='lat' dir='ltr'><strong>trac·</strong></span> 
     </span>
     <span class='ocr_line' id='line_1_10' title="bbox 261 2623 1009 2740; baseline -0.004 -23"><span class='ocrx_word' id='word_1_64' title='bbox 261 2665 344 2724; x_wconf 87' lang='lat' dir='ltr'><strong>tatae</strong></span> <span class='ocrx_word' id='word_1_65' title='bbox 368 2652 430 2716; x_wconf 91' lang='lat' dir='ltr'><strong>siut</strong></span> <span class='ocrx_word' id='word_1_66' title='bbox 452 2663 516 2716; x_wconf 89' lang='lat' dir='ltr'><strong>tam</strong></span> <span class='ocrx_word' id='word_1_67' title='bbox 540 2651 676 2716; x_wconf 86' lang='lat' dir='ltr'><strong>studiose</strong></span> <span class='ocrx_word' id='word_1_68' title='bbox 699 2674 794 2740; x_wconf 90' lang='lat' dir='ltr'><strong>quam</strong></span> <span class='ocrx_word' id='word_1_69' title='bbox 818 2623 1009 2740; x_wconf 28' lang='lat' dir='ltr'><strong>dilig‘entei*</strong></span> 
     </span>
    </p>
   </div>
   <div class='ocr_carea' id='block_1_4' title="bbox 258 2755 1443 3100">
    <p class='ocr_par' dir='ltr' id='par_1_4' title="bbox 258 2755 1443 3100">
     <span class='ocr_line' id='line_1_11' title="bbox 307 2755 1441 2906; baseline 0 -69"><span class='ocrx_word' id='word_1_70' title='bbox 307 2773 368 2858; x_wconf 82' lang='lat' dir='ltr'><strong>Qui</strong></span> <span class='ocrx_word' id='word_1_71' title='bbox 396 2772 481 2837; x_wconf 91' lang='lat' dir='ltr'><strong>euim</strong></span> <span class='ocrx_word' id='word_1_72' title='bbox 509 2795 546 2837; x_wconf 91' lang='lat' dir='ltr'><strong>ex</strong></span> <span class='ocrx_word' id='word_1_73' title='bbox 576 2771 613 2836; x_wconf 85' lang='lat' dir='ltr'><strong>iis</strong></span> <span class='ocrx_word' id='word_1_74' title='bbox 640 2772 856 2864; x_wconf 84' lang='lat' dir='ltr'><strong>perceperit,</strong></span> <span class='ocrx_word' id='word_1_75' title='bbox 852 2755 1047 2906; x_wconf 49' lang='lat' dir='ltr'><strong>quantumi</strong></span> <span class='ocrx_word' id='word_1_76' title='bbox 1079 2774 1150 2900; x_wconf 67' lang='lat' dir='ltr'><strong>&#39;on</strong></span> <span class='ocrx_word' id='word_1_77' title='bbox 1173 2770 1304 2836; x_wconf 87' lang='lat' dir='ltr'><strong>Latinus</strong></span> <span class='ocrx_word' id='word_1_78' title='bbox 1328 2794 1441 2837; x_wconf 86' lang='lat' dir='ltr'><strong>renus·</strong></span> 
     </span>
     <span class='ocr_line' id='line_1_12' title="bbox 258 2854 1443 3024; baseline 0 -66"><span class='ocrx_word' id='word_1_79' title='bbox 258 2905 326 2968; x_wconf 90' lang='lat' dir='ltr'><strong>tus,</strong></span> <span class='ocrx_word' id='word_1_80' title='bbox 364 2903 483 2970; x_wconf 88' lang='lat' dir='ltr'><strong>castus,</strong></span> <span class='ocrx_word' id='word_1_81' title='bbox 519 2891 650 2982; x_wconf 86' lang='lat' dir='ltr'><strong>simplex</strong></span> <span class='ocrx_word' id='word_1_82' title='bbox 684 2903 716 2957; x_wconf 90' lang='lat' dir='ltr'><strong>et</strong></span> <span class='ocrx_word' id='word_1_83' title='bbox 747 2854 1205 3024; x_wconf 56' lang='lat' dir='ltr'><strong>nataruxslerufflwudrtus</strong></span> <span class='ocrx_word' id='word_1_84' title='bbox 1236 2893 1372 2982; x_wconf 90' lang='lat' dir='ltr'><strong>optimus</strong></span> <span class='ocrx_word' id='word_1_85' title='bbox 1403 2893 1443 2958; x_wconf 85' lang='lat' dir='ltr'><strong>ad</strong></span> 
     </span>
     <span class='ocr_line' id='line_1_13' title="bbox 263 2995 1443 3100; baseline 0.002 -23"><span class='ocrx_word' id='word_1_86' title='bbox 263 3009 485 3077; x_wconf 79' lang='lat' dir='ltr'><strong>Ciceronianae</strong></span> <span class='ocrx_word' id='word_1_87' title='bbox 517 3012 716 3100; x_wconf 87' lang='lat' dir='ltr'><strong>eloquentiae</strong></span> <span class='ocrx_word' id='word_1_88' title='bbox 744 3011 956 3090; x_wconf 85' lang='lat' dir='ltr'><strong>documenta,</strong></span> <span class='ocrx_word' id='word_1_89' title='bbox 980 3003 1033 3076; x_wconf 93' lang='lat' dir='ltr'><strong>et</strong></span> <span class='ocrx_word' id='word_1_90' title='bbox 1010 2995 1140 3076; x_wconf 89' lang='lat' dir='ltr'><strong>facilis</strong></span> <span class='ocrx_word' id='word_1_91' title='bbox 1163 3013 1311 3080; x_wconf 85' lang='lat' dir='ltr'><strong>transitus</strong></span> <span class='ocrx_word' id='word_1_92' title='bbox 1334 3027 1380 3079; x_wconf 89' lang='lat' dir='ltr'><strong>est</strong></span> <span class='ocrx_word' id='word_1_93' title='bbox 1403 3014 1443 3079; x_wconf 92' lang='lat' dir='ltr'><strong>ad</strong></span> 
     </span>
    </p>
   </div>
   <div class='ocr_carea' id='block_1_5' title="bbox 258 3130 1448 4668">
    <p class='ocr_par' dir='ltr' id='par_1_5' title="bbox 258 3130 1448 4668">
     <span class='ocr_line' id='line_1_14' title="bbox 262 3130 1443 3225; baseline 0.003 -28"><span class='ocrx_word' id='word_1_94' title='bbox 262 3144 364 3197; x_wconf 88' lang='lat' dir='ltr'><strong>cetera</strong></span> <span class='ocrx_word' id='word_1_95' title='bbox 395 3132 509 3221; x_wconf 90' lang='lat' dir='ltr'><strong>scripta</strong></span> <span class='ocrx_word' id='word_1_96' title='bbox 539 3131 621 3196; x_wconf 91' lang='lat' dir='ltr'><strong>bene</strong></span> <span class='ocrx_word' id='word_1_97' title='bbox 651 3130 913 3220; x_wconf 83' lang='lat' dir='ltr'><strong>intelligenda;</strong></span> <span class='ocrx_word' id='word_1_98' title='bbox 904 3155 929 3196; x_wconf 83' lang='lat' dir='ltr'><strong>rs</strong></span> <span class='ocrx_word' id='word_1_99' title='bbox 952 3131 1097 3221; x_wconf 82' lang='lat' dir='ltr'><strong>epistolas</strong></span> <span class='ocrx_word' id='word_1_100' title='bbox 1120 3132 1180 3198; x_wconf 88' lang='lat' dir='ltr'><strong>sibi</strong></span> <span class='ocrx_word' id='word_1_101' title='bbox 1203 3155 1345 3200; x_wconf 89' lang='lat' dir='ltr'><strong>normam</strong></span> <span class='ocrx_word' id='word_1_102' title='bbox 1368 3159 1443 3225; x_wconf 91' lang='lat' dir='ltr'><strong>pro·</strong></span> 
     </span>
     <span class='ocr_line' id='line_1_15' title="bbox 259 3248 1443 3342; baseline 0.003 -24"><span class='ocrx_word' id='word_1_103' title='bbox 259 3275 378 3342; x_wconf 90' lang='lat' dir='ltr'><strong>ponens</strong></span> <span class='ocrx_word' id='word_1_104' title='bbox 420 3275 493 3318; x_wconf 90' lang='lat' dir='ltr'><strong>cum</strong></span> <span class='ocrx_word' id='word_1_105' title='bbox 534 3252 641 3317; x_wconf 86' lang='lat' dir='ltr'><strong>fructu</strong></span> <span class='ocrx_word' id='word_1_106' title='bbox 675 3249 849 3316; x_wconf 82' lang='lat' dir='ltr'><strong>versabitur</strong></span> <span class='ocrx_word' id='word_1_107' title='bbox 882 3251 917 3316; x_wconf 90' lang='lat' dir='ltr'><strong>in</strong></span> <span class='ocrx_word' id='word_1_108' title='bbox 954 3248 1106 3317; x_wconf 83' lang='lat' dir='ltr'><strong>Cicerone</strong></span> <span class='ocrx_word' id='word_1_109' title='bbox 1140 3252 1376 3342; x_wconf 89' lang='lat' dir='ltr'><strong>interpretando</strong></span> <span class='ocrx_word' id='word_1_110' title='bbox 1410 3266 1443 3322; x_wconf 86' lang='lat' dir='ltr'><strong>at</strong></span> 
     </span>
     <span class='ocr_line' id='line_1_16' title="bbox 261 3370 1448 3452; baseline 0 -12"><span class='ocrx_word' id='word_1_111' title='bbox 261 3372 477 3452; x_wconf 89' lang='lat' dir='ltr'><strong>emendando,</strong></span> <span class='ocrx_word' id='word_1_112' title='bbox 502 3384 534 3438; x_wconf 89' lang='lat' dir='ltr'><strong>et</strong></span> <span class='ocrx_word' id='word_1_113' title='bbox 556 3374 589 3439; x_wconf 92' lang='lat' dir='ltr'><strong>in</strong></span> <span class='ocrx_word' id='word_1_114' title='bbox 613 3370 789 3437; x_wconf 88' lang='lat' dir='ltr'><strong>abiicienda</strong></span> <span class='ocrx_word' id='word_1_115' title='bbox 812 3371 917 3438; x_wconf 86' lang='lat' dir='ltr'><strong>sordes</strong></span> <span class='ocrx_word' id='word_1_116' title='bbox 940 3370 1100 3439; x_wconf 89' lang='lat' dir='ltr'><strong>Ciceronis</strong></span> <span class='ocrx_word' id='word_1_117' title='bbox 1123 3373 1253 3440; x_wconf 89' lang='lat' dir='ltr'><strong>nomine</strong></span> <span class='ocrx_word' id='word_1_118' title='bbox 1270 3373 1448 3446; x_wconf 62' lang='lat' dir='ltr'><strong>venditatas,</strong></span> 
     </span>
     <span class='ocr_line' id='line_1_17' title="bbox 260 3493 1443 3586; baseline 0 -25"><span class='ocrx_word' id='word_1_119' title='bbox 260 3517 361 3586; x_wconf 90' lang='lat' dir='ltr'><strong>eoque</strong></span> <span class='ocrx_word' id='word_1_120' title='bbox 393 3494 521 3560; x_wconf 86' lang='lat' dir='ltr'><strong>nomine</strong></span> <span class='ocrx_word' id='word_1_121' title='bbox 551 3493 645 3584; x_wconf 88' lang='lat' dir='ltr'><strong>plane</strong></span> <span class='ocrx_word' id='word_1_122' title='bbox 667 3493 823 3584; x_wconf 78' lang='lat' dir='ltr'><strong>indignas.</strong></span> <span class='ocrx_word' id='word_1_123' title='bbox 872 3494 960 3560; x_wconf 88' lang='lat' dir='ltr'><strong>Haec</strong></span> <span class='ocrx_word' id='word_1_124' title='bbox 983 3495 1129 3574; x_wconf 89' lang='lat' dir='ltr'><strong>scientia,</strong></span> <span class='ocrx_word' id='word_1_125' title='bbox 1154 3495 1213 3560; x_wconf 90' lang='lat' dir='ltr'><strong>etsi</strong></span> <span class='ocrx_word' id='word_1_126' title='bbox 1233 3519 1292 3584; x_wconf 90' lang='lat' dir='ltr'><strong>per</strong></span> <span class='ocrx_word' id='word_1_127' title='bbox 1314 3520 1346 3562; x_wconf 89' lang='lat' dir='ltr'><strong>se</strong></span> <span class='ocrx_word' id='word_1_128' title='bbox 1369 3497 1443 3562; x_wconf 84' lang='lat' dir='ltr'><strong>satis</strong></span> 
     </span>
     <span class='ocr_line' id='line_1_18' title="bbox 259 3613 1442 3705; baseline 0.002 -24"><span class='ocrx_word' id='word_1_129' title='bbox 259 3627 306 3682; x_wconf 90' lang='lat' dir='ltr'><strong>est</strong></span> <span class='ocrx_word' id='word_1_130' title='bbox 329 3614 494 3705; x_wconf 87' lang='lat' dir='ltr'><strong>optabilis,</strong></span> <span class='ocrx_word' id='word_1_131' title='bbox 526 3636 590 3678; x_wconf 92' lang='lat' dir='ltr'><strong>non</strong></span> <span class='ocrx_word' id='word_1_132' title='bbox 614 3614 726 3679; x_wconf 88' lang='lat' dir='ltr'><strong>unicus</strong></span> <span class='ocrx_word' id='word_1_133' title='bbox 749 3614 870 3680; x_wconf 88' lang='lat' dir='ltr'><strong>fruetus</strong></span> <span class='ocrx_word' id='word_1_134' title='bbox 892 3626 958 3693; x_wconf 90' lang='lat' dir='ltr'><strong>est,</strong></span> <span class='ocrx_word' id='word_1_135' title='bbox 986 3615 1042 3703; x_wconf 92' lang='lat' dir='ltr'><strong>qui</strong></span> <span class='ocrx_word' id='word_1_136' title='bbox 1063 3613 1137 3680; x_wconf 90' lang='lat' dir='ltr'><strong>inde</strong></span> <span class='ocrx_word' id='word_1_137' title='bbox 1160 3615 1252 3681; x_wconf 89' lang='lat' dir='ltr'><strong>redit.</strong></span> <span class='ocrx_word' id='word_1_138' title='bbox 1301 3615 1336 3682; x_wconf 93' lang='lat' dir='ltr'><strong>Si</strong></span> <span class='ocrx_word' id='word_1_139' title='bbox 1357 3617 1442 3682; x_wconf 89' lang='lat' dir='ltr'><strong>enim</strong></span> 
     </span>
     <span class='ocr_line' id='line_1_19' title="bbox 258 3735 1443 3826; baseline 0.002 -25"><span class='ocrx_word' id='word_1_140' title='bbox 258 3735 332 3801; x_wconf 92' lang='lat' dir='ltr'><strong>inde</strong></span> <span class='ocrx_word' id='word_1_141' title='bbox 357 3735 447 3800; x_wconf 87' lang='lat' dir='ltr'><strong>nobis</strong></span> <span class='ocrx_word' id='word_1_142' title='bbox 470 3735 752 3825; x_wconf 80' lang='lat' dir='ltr'><strong>comparaverimus</strong></span> <span class='ocrx_word' id='word_1_143' title='bbox 775 3735 920 3800; x_wconf 88' lang='lat' dir='ltr'><strong>notitiam</strong></span> <span class='ocrx_word' id='word_1_144' title='bbox 942 3735 1158 3800; x_wconf 88' lang='lat' dir='ltr'><strong>institutorum</strong></span> <span class='ocrx_word' id='word_1_145' title='bbox 1182 3735 1352 3826; x_wconf 77' lang='lat' dir='ltr'><strong>legumque</strong></span> <span class='ocrx_word' id='word_1_146' title='bbox 1376 3737 1443 3803; x_wconf 82' lang='lat' dir='ltr'><strong>tto-</strong></span> 
     </span>
     <span class='ocr_line' id='line_1_20' title="bbox 259 3854 1442 3936; baseline 0.002 -14"><span class='ocrx_word' id='word_1_147' title='bbox 259 3880 444 3935; x_wconf 88' lang='lat' dir='ltr'><strong>manarum‚</strong></span> <span class='ocrx_word' id='word_1_148' title='bbox 477 3857 502 3920; x_wconf 93' lang='lat' dir='ltr'><strong>si</strong></span> <span class='ocrx_word' id='word_1_149' title='bbox 526 3854 749 3920; x_wconf 89' lang='lat' dir='ltr'><strong>attenderimus</strong></span> <span class='ocrx_word' id='word_1_150' title='bbox 773 3856 812 3919; x_wconf 87' lang='lat' dir='ltr'><strong>ad</strong></span> <span class='ocrx_word' id='word_1_151' title='bbox 836 3856 952 3921; x_wconf 80' lang='lat' dir='ltr'><strong>civium</strong></span> <span class='ocrx_word' id='word_1_152' title='bbox 976 3857 1072 3922; x_wconf 76' lang='lat' dir='ltr'><strong>vitam</strong></span> <span class='ocrx_word' id='word_1_153' title='bbox 1096 3868 1129 3921; x_wconf 86' lang='lat' dir='ltr'><strong>et</strong></span> <span class='ocrx_word' id='word_1_154' title='bbox 1150 3858 1347 3936; x_wconf 90' lang='lat' dir='ltr'><strong>societatem,</strong></span> <span class='ocrx_word' id='word_1_155' title='bbox 1371 3881 1442 3924; x_wconf 91' lang='lat' dir='ltr'><strong>mo·</strong></span> 
     </span>
     <span class='ocr_line' id='line_1_21' title="bbox 259 3974 1443 4057; baseline 0.001 -14"><span class='ocrx_word' id='word_1_156' title='bbox 259 4000 331 4043; x_wconf 89' lang='lat' dir='ltr'><strong>xum</strong></span> <span class='ocrx_word' id='word_1_157' title='bbox 352 3977 591 4054; x_wconf 90' lang='lat' dir='ltr'><strong>condicionem,</strong></span> <span class='ocrx_word' id='word_1_158' title='bbox 616 3988 647 4041; x_wconf 93' lang='lat' dir='ltr'><strong>et</strong></span> <span class='ocrx_word' id='word_1_159' title='bbox 670 3987 786 4040; x_wconf 89' lang='lat' dir='ltr'><strong>statum</strong></span> <span class='ocrx_word' id='word_1_160' title='bbox 809 3974 1034 4056; x_wconf 89' lang='lat' dir='ltr'><strong>humanitatis,</strong></span> <span class='ocrx_word' id='word_1_161' title='bbox 1055 3975 1251 4057; x_wconf 87' lang='lat' dir='ltr'><strong>studiorum,</strong></span> <span class='ocrx_word' id='word_1_162' title='bbox 1277 3978 1392 4044; x_wconf 89' lang='lat' dir='ltr'><strong>artium</strong></span> <span class='ocrx_word' id='word_1_163' title='bbox 1410 3991 1443 4044; x_wconf 92' lang='lat' dir='ltr'><strong>et</strong></span> 
     </span>
     <span class='ocr_line' id='line_1_22' title="bbox 260 4095 1441 4185; baseline -0.001 -21"><span class='ocrx_word' id='word_1_164' title='bbox 260 4099 482 4176; x_wconf 83' lang='lat' dir='ltr'><strong>scientiarum,</strong></span> <span class='ocrx_word' id='word_1_165' title='bbox 520 4095 656 4185; x_wconf 87' lang='lat' dir='ltr'><strong>denique</strong></span> <span class='ocrx_word' id='word_1_166' title='bbox 689 4095 728 4160; x_wconf 93' lang='lat' dir='ltr'><strong>ad</strong></span> <span class='ocrx_word' id='word_1_167' title='bbox 758 4095 923 4184; x_wconf 75' lang='lat' dir='ltr'><strong>ingenium</strong></span> <span class='ocrx_word' id='word_1_168' title='bbox 953 4095 1082 4185; x_wconf 90' lang='lat' dir='ltr'><strong>populi,</strong></span> <span class='ocrx_word' id='word_1_169' title='bbox 1115 4095 1212 4185; x_wconf 88' lang='lat' dir='ltr'><strong>idque</strong></span> <span class='ocrx_word' id='word_1_170' title='bbox 1242 4119 1306 4162; x_wconf 94' lang='lat' dir='ltr'><strong>non</strong></span> <span class='ocrx_word' id='word_1_171' title='bbox 1338 4097 1441 4164; x_wconf 89' lang='lat' dir='ltr'><strong>solum</strong></span> 
     </span>
     <span class='ocr_line' id='line_1_23' title="bbox 259 4196 1442 4307; baseline 0.002 -23"><span class='ocrx_word' id='word_1_172' title='bbox 259 4196 417 4284; x_wconf 18' lang='lat' dir='ltr'><strong>maximis!</strong></span> <span class='ocrx_word' id='word_1_173' title='bbox 436 4231 468 4284; x_wconf 93' lang='lat' dir='ltr'><strong>et</strong></span> <span class='ocrx_word' id='word_1_174' title='bbox 501 4218 580 4307; x_wconf 86' lang='lat' dir='ltr'><strong>reip.</strong></span> <span class='ocrx_word' id='word_1_175' title='bbox 617 4217 810 4282; x_wconf 90' lang='lat' dir='ltr'><strong>difficillimis</strong></span> <span class='ocrx_word' id='word_1_176' title='bbox 843 4217 1057 4306; x_wconf 80' lang='lat' dir='ltr'><strong>temporibus,</strong></span> <span class='ocrx_word' id='word_1_177' title='bbox 1094 4216 1147 4282; x_wconf 87' lang='lat' dir='ltr'><strong>sed</strong></span> <span class='ocrx_word' id='word_1_178' title='bbox 1179 4218 1273 4283; x_wconf 90' lang='lat' dir='ltr'><strong>etiam</strong></span> <span class='ocrx_word' id='word_1_179' title='bbox 1304 4220 1338 4283; x_wconf 90' lang='lat' dir='ltr'><strong>in</strong></span> <span class='ocrx_word' id='word_1_180' title='bbox 1369 4220 1442 4286; x_wconf 76' lang='lat' dir='ltr'><strong>rixis</strong></span> 
     </span>
     <span class='ocr_line' id='line_1_24' title="bbox 260 4330 1441 4428; baseline -0.001 -22"><span class='ocrx_word' id='word_1_181' title='bbox 260 4339 389 4406; x_wconf 89' lang='lat' dir='ltr'><strong>summis</strong></span> <span class='ocrx_word' id='word_1_182' title='bbox 412 4351 444 4404; x_wconf 89' lang='lat' dir='ltr'><strong>et</strong></span> <span class='ocrx_word' id='word_1_183' title='bbox 467 4339 585 4404; x_wconf 76' lang='lat' dir='ltr'><strong>civitati</strong></span> <span class='ocrx_word' id='word_1_184' title='bbox 608 4337 871 4403; x_wconf 89' lang='lat' dir='ltr'><strong>administrandae</strong></span> <span class='ocrx_word' id='word_1_185' title='bbox 890 4330 1016 4428; x_wconf 86' lang='lat' dir='ltr'><strong>prorsus</strong></span> <span class='ocrx_word' id='word_1_186' title='bbox 1035 4336 1164 4416; x_wconf 91' lang='lat' dir='ltr'><strong>deditis,</strong></span> <span class='ocrx_word' id='word_1_187' title='bbox 1185 4351 1253 4404; x_wconf 92' lang='lat' dir='ltr'><strong>tum</strong></span> <span class='ocrx_word' id='word_1_188' title='bbox 1273 4362 1337 4404; x_wconf 93' lang='lat' dir='ltr'><strong>non</strong></span> <span class='ocrx_word' id='word_1_189' title='bbox 1356 4341 1441 4405; x_wconf 92' lang='lat' dir='ltr'><strong>mul·</strong></span> 
     </span>
     <span class='ocr_line' id='line_1_25' title="bbox 260 4441 1442 4549; baseline 0.001 -24"><span class='ocrx_word' id='word_1_190' title='bbox 260 4472 329 4525; x_wconf 90' lang='lat' dir='ltr'><strong>tum</strong></span> <span class='ocrx_word' id='word_1_191' title='bbox 359 4458 450 4524; x_wconf 89' lang='lat' dir='ltr'><strong>nobis</strong></span> <span class='ocrx_word' id='word_1_192' title='bbox 475 4458 580 4524; x_wconf 70' lang='lat' dir='ltr'><strong>deesse</strong></span> <span class='ocrx_word' id='word_1_193' title='bbox 603 4458 742 4537; x_wconf 82' lang='lat' dir='ltr'><strong>videtur,</strong></span> <span class='ocrx_word' id='word_1_194' title='bbox 765 4457 933 4546; x_wconf 89' lang='lat' dir='ltr'><strong>quominus</strong></span> <span class='ocrx_word' id='word_1_195' title='bbox 957 4481 993 4523; x_wconf 90' lang='lat' dir='ltr'><strong>ex</strong></span> <span class='ocrx_word' id='word_1_196' title='bbox 1017 4441 1083 4547; x_wconf 70' lang='lat' dir='ltr'><strong>rep.</strong></span> <span class='ocrx_word' id='word_1_197' title='bbox 1110 4456 1235 4537; x_wconf 87' lang='lat' dir='ltr'><strong>adulta,</strong></span> <span class='ocrx_word' id='word_1_198' title='bbox 1260 4469 1325 4523; x_wconf 91' lang='lat' dir='ltr'><strong>tam</strong></span> <span class='ocrx_word' id='word_1_199' title='bbox 1349 4483 1442 4549; x_wconf 86' lang='lat' dir='ltr'><strong>praa·</strong></span> 
     </span>
     <span class='ocr_line' id='line_1_26' title="bbox 259 4576 1442 4668; baseline 0.001 -23"><span class='ocrx_word' id='word_1_200' title='bbox 259 4580 343 4646; x_wconf 89' lang='lat' dir='ltr'><strong>clare</strong></span> <span class='ocrx_word' id='word_1_201' title='bbox 367 4603 385 4644; x_wconf 91' lang='lat' dir='ltr'><strong>a</strong></span> <span class='ocrx_word' id='word_1_202' title='bbox 410 4576 561 4646; x_wconf 89' lang='lat' dir='ltr'><strong>Cicerone</strong></span> <span class='ocrx_word' id='word_1_203' title='bbox 584 4579 758 4668; x_wconf 89' lang='lat' dir='ltr'><strong>descripta,</strong></span> <span class='ocrx_word' id='word_1_204' title='bbox 782 4580 850 4644; x_wconf 90' lang='lat' dir='ltr'><strong>iure</strong></span> <span class='ocrx_word' id='word_1_205' title='bbox 872 4577 1092 4656; x_wconf 87' lang='lat' dir='ltr'><strong>coniiciarnus,</strong></span> <span class='ocrx_word' id='word_1_206' title='bbox 1116 4577 1216 4667; x_wconf 86' lang='lat' dir='ltr'><strong>qualis</strong></span> <span class='ocrx_word' id='word_1_207' title='bbox 1242 4580 1336 4646; x_wconf 88' lang='lat' dir='ltr'><strong>fuerit</strong></span> <span class='ocrx_word' id='word_1_208' title='bbox 1359 4582 1442 4646; x_wconf 89' lang='lat' dir='ltr'><strong>anti-</strong></span> 
     </span>
    </p>
   </div>
   <div class='ocr_carea' id='block_1_6' title="bbox 261 4698 1443 4873">
    <p class='ocr_par' dir='ltr' id='par_1_6' title="bbox 261 4698 1443 4873">
     <span class='ocr_line' id='line_1_27' title="bbox 261 4698 1443 4787; baseline 0.004 -23"><span class='ocrx_word' id='word_1_209' title='bbox 261 4721 341 4787; x_wconf 87' lang='lat' dir='ltr'><strong>quae</strong></span> <span class='ocrx_word' id='word_1_210' title='bbox 374 4714 407 4767; x_wconf 92' lang='lat' dir='ltr'><strong>ct</strong></span> <span class='ocrx_word' id='word_1_211' title='bbox 440 4698 605 4768; x_wconf 86' lang='lat' dir='ltr'><strong>crescentia</strong></span> <span class='ocrx_word' id='word_1_212' title='bbox 635 4698 791 4780; x_wconf 83' lang='lat' dir='ltr'><strong>condici03</strong></span> <span class='ocrx_word' id='word_1_213' title='bbox 826 4714 894 4766; x_wconf 91' lang='lat' dir='ltr'><strong>tum</strong></span> <span class='ocrx_word' id='word_1_214' title='bbox 919 4720 1023 4766; x_wconf 85' lang='lat' dir='ltr'><strong>rerum</strong></span> <span class='ocrx_word' id='word_1_215' title='bbox 1047 4698 1218 4765; x_wconf 86' lang='lat' dir='ltr'><strong>forensium</strong></span> <span class='ocrx_word' id='word_1_216' title='bbox 1242 4712 1274 4765; x_wconf 90' lang='lat' dir='ltr'><strong>et</strong></span> <span class='ocrx_word' id='word_1_217' title='bbox 1296 4699 1443 4769; x_wconf 87' lang='lat' dir='ltr'><strong>domesti-</strong></span> 
     </span>
     <span class='ocr_line' id='line_1_28' title="bbox 1224 4825 1239 4873; baseline 0 0"><span class='ocrx_word' id='word_1_218' title='bbox 1224 4825 1239 4873; x_wconf 91' lang='lat'>1</span> 
     </span>
    </p>
   </div>
   <div class='ocr_carea' id='block_1_7' title="bbox 0 0 1776 5492">
    <p class='ocr_par' dir='ltr' id='par_1_7' title="bbox 0 0 1776 5492">
     <span class='ocr_line' id='line_1_29' title="bbox 0 0 1776 5492; baseline 0 0"><span class='ocrx_word' id='word_1_219' title='bbox 0 0 1776 5492; x_wconf 95' lang='lat' dir='ltr'><strong> </strong></span> 
     </span>
    </p>
   </div>
  </div>
 </body>
</html>
