3542 5492
856 446 896 508 47

271 655 330 710 sa,
357 633 464 698 malle
489 655 540 696 me
572 643 662 696 tuum
685 630 861 709 iudicium,
888 653 983 720 qnam
1013 653 1051 697 er
1086 631 1184 697 altera
1216 641 1305 720 parte
1328 633 1459 700 istomm

277 753 430 820 omnium.
445 777 466 816 >t

318 873 427 964 Inep.
453 876 493 940 13
518 877 591 958 §3:
628 886 692 940 «et
714 895 803 939 orare
828 884 1000 962 coeperunt
1024 870 1187 962 (milites),
1212 885 1248 939 ut
1271 873 1460 940 Pollentiam

272 997 333 1061 iter
348 993 563 1080 facerent.»
611 983 789 1061 Desiderari
810 1006 888 1083 puto
912 997 983 1059 iter
997 993 1142 1080 faceret
1165 992 1359 1083 (Antonius).

318 1115 358 1181 ln
379 1136 430 1204 ep.
452 1119 507 1179 14:
541 1113 636 1181 «Sed
660 1113 780 1180 bellum
809 1115 891 1179 istuc
913 1123 1073 1179 renatum
1096 1114 1252 1179 mirantur
1273 1114 1461 1182 homines.»

275 1235 347 1302 Non
376 1234 494 1300 dicitur
517 1234 602 1325 apud
636 1233 819 1300 Ciceronem
842 1257 879 1300 eo
903 1233 997 1300 modo
1021 1243 1204 1314 renatum,
1239 1235 1293 1302 sed
1316 1259 1460 1302 renoua-

278 1364 346 1422 tum
366 1356 416 1422 rel
436 1354 737 1446 redintegratum,
760 1378 896 1445 quorum
914 1356 1001 1446 prius
1020 1356 1238 1446 recipiendum
1257 1370 1305 1423 est
1328 1357 1368 1423 cf.
1388 1357 1460 1424 XII.

279 1499 318 1566 ep
343 1481 384 1542 30
409 1480 485 1561 §23
512 1476 570 1542 lv.
596 1479 780 1566 ep‚7§3.

318 1598 358 1664 In
382 1621 431 1687 ep.
448 1601 512 1662 22:
546 1595 676 1662 »Nutns
695 1609 768 1663 tuus
790 1609 893 1687 potest
915 1597 1077 1664 hominem
1094 1620 1217 1663 summo
1232 1599 1303 1664 loco
1326 1611 1458 1679 natum,

276 1740 399 1784 summo
424 1719 577 1807 ingenio,
610 1741 732 1782 summa
762 1719 902 1796 virtute,
945 1719 1206 1784 officiosissimum
1241 1732 1403 1809 praeterea
1430 1732 1463 1787 et

273 1839 511 1929 gratissimum,
537 1839 790 1905 incolumemin
822 1839 948 1905 civitate
972 1841 1150 1906 retinere.»
1198 1840 1281 1926 Quid
1304 1842 1344 1906 sit
1368 1844 1462 1906 ineo·

274 1961 381 2026 lumia
399 1958 465 2022 >tali
487 1969 652 2048 tempore,
677 1983 771 2025 nemo
794 1940 905 2026 nescii.
965 1960 1139 2026 Transitire
1169 1960 1286 2027 dicitnr
1309 1963 1464 2026 retinere

275 2083 505 2156 incivitate,
542 2079 737 2145 intransitive
768 2102 949 2145 remouere
972 2084 1013 2144 in
1043 2085 1212 2160 civitate,
1237 2082 1249 2147 i
1279 2105 1309 2147 e.
1334 2104 1463 2148 manere

277 2202 481 2268 incolumem
505 2200 544 2265 cf.
570 2222 620 2290 ep.
642 2203 685 2265 28
711 2202 826 2285 §2et
849 2205 891 2280 33
930 2200 1020 2267 XIII.
1047 2225 1098 2290 ep.
1125 2207 1145 2266 5
1171 2205 1242 2286 §2.
1291 2201 1392 2291 Igitur
1414 2201 1464 2268 rel

279 2323 479 2386 ineolumem
503 2320 553 2386 rel
585 2323 789 2385 incivitate
812 2322 935 2411 peperit
953 2321 1165 2412 interpolandi
1188 2321 1338 2388 studium.

325 2442 384 2533 Ep.
400 2446 442 2508 23
468 2443 486 2526 §
504 2448 535 2506 1:
560 2464 581 2504 «
591 2441 708 2527 Quodsi
719 2443 824 2508 omnia
836 2456 940 2509 essent
959 2444 1081 2524 aliena,
1102 2457 1209 2510 tamen
1228 2444 1329 2510 tribus
1347 2447 1461 2509 tantis

286 2559 491 2640 exercitibus,
528 2565 695 2652 propriis
718 2564 954 2653 respublicae,
979 2565 1198 2638 valentibus,
1223 2584 1374 2651 magnum
1394 2562 1463 2627 ani·

283 2703 368 2746 mum
391 2681 505 2750 babere
529 2681 707 2748 debebas.»
765 2682 803 2747 In
828 2686 943 2746 tantis
965 2684 1029 2746 iam
1052 2683 1129 2748 latet
1152 2683 1367 2760 valentibus;
1392 2703 1462 2747 cre·

280 2802 320 2868 do
344 2803 513 2893 legendum
541 2826 606 2869 esse
627 2803 840 2893 reipublicae
869 2804 1064 2869 uolentibus
1086 2815 1119 2869 et
1135 2807 1302 2896 propriis
1325 2803 1458 2895 glossam

278 2923 486 3014 marginalem
511 2947 601 3003 esse,
628 2946 710 3013 qnae
733 2925 809 2990 olim
829 2925 925 2991 fuerit
937 2929 1126 3016 propitiis.

686 3163 791 3230 Liber
812 3164 1055 3230 Duodecimus.

325 3405 418 3498 up.1
445 3407 537 3471 inii:
563 3404 698 3472 «Habet
721 3405 776 3471 illa
799 3404 928 3495 quidem
952 3416 1097 3482 tantun,
1119 3413 1276 3491 quantum
1298 3424 1463 3491 nunquam

278 3529 360 3596 mihi
382 3528 415 3592 in
440 3539 581 3593 mentem
611 3527 697 3592 renit
731 3539 863 3616 optare3
902 3525 956 3593 sed
987 3537 1136 3593 contenta
1166 3547 1230 3589 non
1264 3536 1328 3602 est,
1353 3535 1384 3588 et
1407 3546 1464 3613 pro

279 3646 499 3738 magnitudine
523 3659 554 3712 et
585 3647 682 3710 animi
706 3659 737 3712 et
768 3647 915 3713 beneficii
939 3647 1074 3712 restria
1109 3647 1195 3711 vobis
1219 3667 1346 3734 magna
1370 3644 1463 3709 desi-

282 3770 399 3834 derat.
448 3767 574 3834 Adhuc
598 3767 664 3833 ulta
688 3789 758 3832 suas
781 3767 912 3832 iniurias
931 3779 977 3833 est
1009 3789 1066 3856 per
1088 3788 1142 3831 ros
1164 3766 1295 3830 interitu
1317 3765 1465 3852 tyranni:

280 3890 363 3956 nihil
383 3890 528 3978 amplius.
541 3914 562 3954 »
610 3889 643 3956 Si
667 3890 856 3956 sententiam
878 3889 960 3954 bene
983 3888 1145 3977 intelligo,
1170 3886 1387 3952 circumscribi
1405 3909 1463 3976 po·

281 4023 341 4076 test
363 4011 425 4076 hoc
445 4010 554 4076 modo:
580 4033 725 4100 «magna
750 4009 878 4098 quidem
902 4033 951 4075 res
974 4009 1007 4074 in
1031 4009 1165 4074 salntem
1186 4027 1388 4074 communem
1400 4030 1467 4096 ges·

280 4144 313 4196 ta
336 4143 382 4196 cst
403 4131 568 4228 interfecto
592 4143 751 4218 tyranno,
785 4129 838 4196 sed
872 4153 999 4220 magna
1030 4130 1093 4196 sire
1120 4129 1238 4195 maiora
1262 4128 1376 4194 adhue
1401 4150 1467 4192 res·

282 4265 362 4319 tant.
375 4276 396 4315 >t
454 4252 571 4318 Intuli
606 4252 796 4341 cogitatione
827 4252 930 4316 omitti
964 4274 1028 4317 non
1059 4263 1162 4341 potest
1193 4251 1328 4315 adhuc:
1358 4262 1467 4315 contra

253 4399 257 4408 ’
282 4372 485 4461 sequentibus
509 4373 575 4438 sine
598 4371 663 4436 ullo
687 4371 875 4438 detrimento
895 4371 1086 4438 vocabulum
1115 4369 1196 4436 illud
1224 4371 1309 4435 demi
1340 4384 1465 4460 potest,

282 4494 315 4557 iu
340 4492 454 4581 quibus
477 4493 502 4558 si
525 4491 699 4582 quidquam
723 4506 802 4560 esset
838 4491 1045 4572 addendum,
1082 4492 1195 4558 melius
1230 4491 1342 4580 procul
1369 4490 1466 4556 dubio

283 4627 362 4679 esset
373 4613 509 4703 quidem
523 4636 618 4701 quam
640 4614 754 4678 adhuc
768 4663 776 4693 ,
793 4613 944 4701 quoniam
956 4612 1143 4702 opponitur:
1165 4626 1374 4679 «ornamenta
1386 4633 1466 4675 vero

284 4755 339 4800 sua
356 4758 437 4822 quae
460 4735 718 4824 recuperaritis>
766 4734 878 4823 Itaque
910 4733 1031 4822 corrigo
1054 4755 1201 4823 «magna
1231 4731 1388 4800 desiderat
1410 4731 1467 4797 ad·
