3542 5492
843 466 883 527 5³

273 649 410 740 cepisse,
424 673 444 711 »
468 648 534 738 ipsa
558 649 603 714 rei
626 649 712 714 notio
735 647 897 738 postulat,
922 661 957 714 nt
980 648 1122 738 legatur:
1158 649 1283 738 «quod
1303 663 1358 716 tua
1381 649 1459 716 fides

262 779 501 862 pateretur,»
533 771 573 836 ef.
601 793 653 858 ep.
677 775 721 848 2,
747 793 796 859 ep.
819 772 861 834 23
888 772 906 855 §
930 773 969 848 2,
996 793 1048 859 ep.
1071 773 1135 848 26,
1156 793 1206 859 ep.
1228 774 1291 849 27,
1316 793 1367 859 ep.
1391 775 1458 850 32,

268 915 319 981 ep.
338 895 404 969 35,
429 913 480 980 ep.
503 895 566 969 37,
599 913 649 979 cp.
666 895 731 968 5¹3,
757 911 808 978 ep.
829 893 894 967 61,
924 913 976 978 ep.
998 893 1066 967 69,
1088 913 1139 979 ep.
1165 893 1232 968 78,
1259 889 1344 955 XIV.
1369 913 1419 980 ep.
1442 896 1461 956 5

270 1015 349 1096 §23
377 1033 414 1076 er
435 1009 550 1100 quibus
571 1010 648 1076 locis
671 1022 759 1100 patet
778 1031 888 1075 rernm
908 1033 973 1074 non
997 1033 1082 1089 esse,
1107 1009 1192 1099 qnod
1212 1010 1354 1076 Klotaius
1370 1033 1463 1100 prae·

271 1133 354 1222 cepit
376 1130 416 1195 ad
440 1130 527 1196 XIV.
554 1136 642 1221 ep.4
669 1133 742 1216 §62
771 1131 896 1219 «quod
908 1140 1033 1221 potes,
1059 1130 1153 1196 scribi
1172 1153 1263 1220 posse
1283 1155 1340 1221 pro
1353 1155 1464 1220 quan·

275 1262 344 1317 tum
362 1260 478 1342 potes.
527 1251 594 1317 Tali
618 1251 999 1341 significatione'dicitur,
1024 1252 1156 1339 opinor,
1178 1264 1232 1315 aut
1256 1252 1350 1339 quod
1360 1262 1461 1341 potc-

275 1377 329 1437 ris
354 1385 409 1436 ant
433 1372 526 1459 qaod
540 1376 675 1461 possis.

321 1493 460 1559 Ultimus
484 1491 579 1557 huius
600 1493 687 1558 Libri
709 1493 797 1558 locus
817 1505 863 1557 cst
888 1493 921 1557 in
945 1516 995 1582 ep.
1019 1497 1059 1557 77
1086 1496 1104 1577 §
1125 1497 1159 1556 1:
1187 1515 1293 1558 «cum
1312 1493 1360 1557 his
1381 1505 1462 1558 tem·

277 1613 405 1703 poribus
428 1635 493 1677 non
518 1635 603 1678 sane
630 1615 663 1678 in
694 1625 838 1679 senatum
862 1614 1060 1678 ventitarem.
1073 1637 1094 1675 »
1141 1613 1213 1679 Non
1238 1637 1323 1678 sone
1350 1614 1458 1702 requi-

281 1735 382 1813 ritur,
420 1733 473 1800 scd
508 1755 622 1823 saepe.
685 1733 757 1799 Non
791 1746 894 1823 potest
928 1734 1094 1823 displicere
1129 1757 1233 1823 saepe
1260 1738 1461 1813 ventitare,

278 1854 363 1942 quod
387 1854 497 1919 crebro
521 1853 647 1942 legitur.

623 2095 728 2158 Liber
756 2093 914 2181 Quartus
939 2093 1113 2159 Decimus.

324 2337 362 2401 In
386 2359 436 2425 cp.
461 2338 475 2400 1
503 2338 578 2419 §4:
614 2335 661 2401 De
688 2337 758 2401 loco
785 2359 871 2401 nnnc
891 2335 1020 2424 quidem
1047 2340 1119 2401 iam
1144 2336 1221 2403 abiit
1244 2338 1465 2429 pestilentia.»

283 2457 367 2522 llaec
390 2456 485 2522 lectio
518 2479 592 2520 sana
619 2479 683 2521 non
707 2469 777 2536 est3
815 2458 957 2523 conieci:
988 2457 1067 2522 «Ile
1090 2459 1152 2522 hoc
1185 2459 1255 2523 loco
1282 2481 1369 2523 nunc
1393 2460 1466 2546 qui-

288 2576 357 2641 dem
377 2575 466 2664 [iam]
489 2576 566 2640 abiit
588 2578 811 2666 pestilentia.»
858 2579 896 2643 ln
921 2582 994 2663 §72
1022 2578 1107 2643 «sed
1130 2579 1156 2642 si
1173 2578 1310 2644 offendet
1329 2601 1380 2643 me
1403 2579 1466 2643 loci

290 2697 469 2775 celebritas,
496 2697 557 2761 alio
581 2721 632 2762 me
661 2698 848 2776 conferam,
874 2697 914 2761 ad
937 2710 969 2763 te
996 2696 1173 2762 scribam.»
1220 2697 1322 2762 Multo
1352 2698 1465 2763 melius

288 2817 434 2884 cohaeret
464 2819 642 2899 sententia,
675 2820 700 2884 si
728 2819 909 2885 scribimus:
948 2817 1040 2886 «Sed
1064 2819 1089 2883 si
1115 2817 1258 2908 (offendit
1290 2823 1379 2882 enim
1402 2818 1465 2883 loci

282 2936 459 3025 celebritas)
484 2939 545 3003 alio
569 2963 620 3004 mc
644 2941 820 3018 conferam,
847 2940 885 3004 ad
909 2952 941 3005 te
965 2939 1108 3004 scribam.
1117 2964 1138 3002 »

330 3060 400 3124 Alia
420 3058 551 3148 praebet
570 3083 619 3148 ep.
641 3065 660 3124 2
687 3063 749 3145 51.
799 3059 983 3125 Rectissime
1003 3081 1106 3137 nunc,
1132 3071 1259 3125 auctore
1271 3059 1467 3125 Wesenber-

280 3181 352 3268 gio,
377 3179 519 3244 Klotnius
544 3178 660 3245 edidit:
686 3179 785 3245 «Nee
810 3180 895 3245 enim
918 3178 1044 3257 habco,
1070 3180 1164 3266 quod
1184 3181 1342 3258 scribam,
1367 3182 1411 3245 sic
1435 3194 1468 3246 et

281 3299 483 3366 scribendum
507 3313 553 3366 est
576 3301 609 3365 in
632 3301 718 3366 XVI.
746 3323 794 3389 ep.
810 3302 842 3364 6.
893 3297 995 3364 Causa
1014 3300 1047 3363 in
1067 3300 1179 3388 vulgus
1202 3312 1277 3364 nota
1296 3313 1353 3365 est.
1393 3303 1470 3366 For·

281 3437 363 3488 tasse
388 3425 483 3488 etiam
514 3425 547 3487 in
582 3427 598 3506 §
623 3427 641 3487 2
674 3423 843 3512 legendnm
867 3435 931 3489 est:
967 3422 1024 3488 «Α
1048 3435 1079 3488 te
1112 3422 1239 3511 quidem
1271 3422 1376 3486 omnia
1399 3421 1470 3486 lieri

281 3545 451 3610 fortissime
475 3556 507 3609 et
530 3544 740 3609 amantissime
763 3544 869 3608 audio
907 3543 1083 3632 (legebatur
1114 3541 1224 3629 video)
1257 3565 1317 3607 nec
1344 3542 1467 3620 miror,

283 3665 336 3730 sed
358 3687 483 3729 maereo
508 3676 569 3730 eet.

332 3785 370 3850 ln
394 3808 444 3874 ep.
472 3791 491 3850 5
517 3797 594 3850 extr.
616 3785 765 3873 legimus:
792 3784 878 3850 «Vos
902 3823 969 3862 —,
995 3785 1098 3848 sinos
1123 3785 1256 3862 amatis,
1282 3797 1413 3864 curate,
1435 3796 1471 3850 ut

282 3906 422 3971 valeatis.
452 3905 491 3968 V
488 3907 555 3970 olo.
604 3904 755 3972 Athenis
781 3929 809 3970 a.
831 3905 864 3973 d.
888 3925 932 3970 xv
950 3904 1107 3970 Kalendas
1125 3905 1354 3972 Novembres.»
1391 3909 1469 3973 For-

283 4041 363 4092 tasse
384 4027 526 4115 spurium
546 4038 592 4090 cst
615 4026 786 4105 Athenis,
812 4025 866 4090 sed
883 4026 950 4091 sine
973 4026 1070 4091 dubio
1092 4025 1263 4091 delendum
1287 4029 1376 4093 vale.
1422 4029 1471 4095 Ne

284 4148 432 4236 cogitavit
457 4146 585 4235 quidem
608 4147 814 4236 interpolator
841 4146 1042 4212 scribendum
1062 4147 1156 4213 fuisse
1178 4151 1293 4214 valete
1319 4151 1360 4215 cf.
1386 4155 1471 4240 epti

283 4269 378 4333 etsie
402 4289 503 4356 saepe.
552 4266 665 4355 Neque
689 4268 825 4333 retinere
849 4268 944 4333 velim
967 4269 1001 4332 in
1024 4292 1075 4358 ep.
1105 4274 1145 4334 8:
1184 4271 1306 4355 «Quod
1329 4271 1474 4338 celeriter

283 4411 334 4452 me
365 4386 468 4452 fecisti
490 4385 530 4452 dc
558 4383 698 4452 Caesaris
730 4388 850 4454 litteris¹
873 4389 1063 4468 certiorem,
1095 4391 1198 4455 fecisti
1227 4391 1307 4456 mihi
1334 4405 1470 4482 gratum.

289 4508 370 4574 Item
390 4505 544 4598 posthac,
581 4508 605 4572 si
629 4507 706 4598 qnid
729 4531 806 4598 opus
831 4510 907 4590 crit,
937 4514 972 4574 si
993 4510 1082 4598 quid
1100 4511 1273 4576 acciderit
1298 4517 1379 4577 novi
1390 4562 1399 4588 ,
1425 4514 1473 4578 fa-

289 4630 375 4707 cies,
401 4642 436 4694 ut
456 4629 563 4693 sciam.
614 4627 719 4710 (lura,
745 4643 780 4694 nt
804 4631 917 4696 valeas.
954 4631 1042 4699 Vale.
1090 4633 1129 4702 I).
1156 4653 1208 4701 1111
1230 4633 1335 4704 Nonas
1355 4634 1475 4714 Iun„»

285 4750 438 4817 vocabula
455 4753 489 4816 si
509 4749 597 4840 quid
622 4751 796 4818 occiderit
820 4757 900 4818 atoni
918 4765 948 4821 et
970 4755 1032 4818 ool
1053 4805 1059 4820 .
