3542 5492
897 419 938 480 38

319 605 406 669 minz·
429 601 512 694 apud
538 601 723 670 Ciceronem
751 624 927 691 numquam
951 605 1153 693 coniungitur
1177 627 1249 670 cum
1271 608 1503 698 praepositione

318 723 383 798 de,
408 723 520 789 deinde
543 723 622 790 haec
646 724 800 789 sententia
824 745 889 788 non
913 722 1011 802 dicit,
1049 725 1134 813 quod
1154 725 1207 791 hic
1237 727 1325 793 locus
1354 730 1499 817 requirit.

317 843 428 910 Dicere
453 846 537 911 enim
562 845 655 910 debet
669 842 800 910 Cicero:
824 841 1000 928 «Antonio
1021 846 1065 910 ita
1089 847 1267 926 saeviente,
1297 847 1500 916 vehementer

318 965 492 1030 sollicitas
518 989 615 1044 snm,
641 987 707 1030 non
730 986 805 1028 mea
827 963 964 1051 quidem
997 986 1126 1044 cansa,
1158 989 1232 1031 nam
1257 969 1330 1033 satis
1360 970 1421 1033 vixi
1450 969 1501 1035 rel

317 1096 418 1150 aetate
455 1086 505 1152 vel
535 1086 625 1151 factis
656 1085 705 1150 rel
737 1084 860 1173 gloria,
896 1084 962 1148 sed
975 1094 1170 1175 propterea
1206 1088 1298 1175 qnod
1327 1089 1390 1154 rita
1422 1089 1500 1154 mihi

314 1207 433 1294 patriae
452 1205 602 1272 servanda
621 1218 686 1284 est,
712 1227 774 1294 qua
794 1205 874 1270 nihil
897 1205 977 1270 mihi
1000 1217 1045 1271 est
1065 1207 1204 1272 carius.»
1252 1207 1286 1274 Si
1306 1208 1367 1274 hoc
1388 1207 1499 1275 dicen-

312 1324 388 1391 dum
415 1339 480 1405 est,
508 1326 592 1416 quod
622 1326 728 1392 nullus
763 1324 897 1404 dubito,
931 1325 1132 1392 scribendam
1168 1326 1311 1394 videtur:
1348 1329 1494 1418 «Itaque

313 1446 393 1512 mihi
415 1448 568 1513 maximae
589 1470 682 1514 curae
707 1455 808 1526 sant,
833 1446 956 1512 nonde
979 1469 1051 1512 mea
1074 1447 1202 1536 quidem
1226 1449 1316 1526 rita,
1332 1450 1384 1514 cui
1404 1451 1493 1514 satis·

313 1568 395 1646 feci,
415 1605 463 1617 -
481 1606 545 1647 -,
583 1568 636 1634 red
668 1568 709 1632 de
735 1569 837 1657 patria
873 1568 1026 1632 sollicito
1041 1590 1053 1644 ,·
1081 1567 1235 1656 imprimis
1270 1591 1421 1657 qnoque,
1451 1571 1496 1634 mi

313 1691 447 1770 Plance,
470 1714 580 1782 angor
598 1695 857 1782 exspectatione
874 1690 1054 1756 consulatus
1070 1691 1161 1755 tui.»
1199 1689 1283 1755 Nam
1307 1690 1402 1754 etiam
1417 1712 1495 1779 pos·

312 1823 411 1878 trema
441 1812 562 1903 periodi
588 1813 681 1879 rerba
711 1812 805 1903 plane
836 1824 909 1877 sunt
938 1823 1048 1878 contra
1082 1810 1239 1877 Ciceronis
1268 1833 1417 1889 sensum,
1442 1813 1494 1876 cui

311 1933 431 2022 patriae
453 1933 601 2000 libertate
624 1935 720 1999 nihil
750 1933 811 1999 fuit
840 1933 1011 2022 antiquius.
1061 1933 1120 1998 Fui
1154 1932 1284 1997 fortasse
1320 1931 1492 2009 audacior,

314 2052 367 2120 sed
391 2052 488 2119 semel
522 2052 664 2120 hiantem
695 2054 869 2119 orationem
899 2054 1052 2118 sollicito
1074 2055 1107 2118 in
1140 2053 1313 2117 sollicitat
1345 2064 1493 2130 mutato,

310 2197 367 2265 pro
401 2196 457 2240 suo
488 2186 582 2264 captu
607 2175 662 2262 qui
696 2175 815 2264 primus
850 2150 956 2239 locum
990 2173 1170 2263 depravavit
1203 2174 1252 2240 rel
1283 2173 1492 2263 depravatum

311 2295 454 2373 invenit,
480 2306 584 2361 cetera
608 2294 778 2360 constituit.

355 2415 393 2481 In
421 2437 472 2505 ep.
496 2421 516 2481 3
542 2417 559 2500 §
583 2419 618 2480 2:
656 2415 779 2504 «Ego,
814 2414 955 2491 Plance,
992 2413 1255 2480 necessitudinem
1290 2415 1494 2479 constitutam

310 2536 408 2601 habui
428 2557 501 2601 cum
524 2533 618 2599 domo
635 2545 735 2600 vestra
755 2545 828 2599 ante
852 2532 1039 2621 aliquanto,
1065 2546 1206 2623 quamtu
1220 2545 1313 2599 natus
1334 2557 1365 2599 es
1380 2584 1389 2612 ,
1404 2556 1492 2599 amo·

311 2679 377 2723 rem
401 2668 507 2722 autem
538 2679 611 2746 erga
641 2666 673 2720 te
698 2654 737 2719 ab
775 2655 906 2720 ineunte
936 2655 1072 2744 pueritia
1094 2669 1174 2735 tna;
1212 2656 1397 2720 confirmata
1429 2655 1492 2719 iam

311 2790 432 2856 aetate,
457 2776 703 2842 familiaritatem
725 2786 801 2859 tum,
819 2773 922 2838 studio
941 2797 1030 2853 meo,
1058 2787 1126 2840 tum
1149 2775 1266 2841 iudicio
1286 2789 1342 2842 tuo
1362 2779 1492 2840 constt-

309 2905 430 2962 tntam.
481 2895 616 2963 0rellius
638 2893 739 2959 multa
762 2893 920 2973 coniecit,
945 2893 999 2960 sed
1016 2893 1096 2959 nihil
1115 2895 1230 2984 placet.
1275 2896 1417 2962 Fortasse
1437 2919 1489 2963 ve·

308 3041 379 3084 rum
402 3029 448 3084 est
471 3024 697 3082 constantem.

350 3138 389 3204 In
414 3140 431 3223 §
454 3141 488 3203 4:
513 3137 631 3201 «Haec
651 3156 756 3200 amore
773 3136 871 3224 magis
894 3136 1047 3226 impulsus
1066 3135 1230 3203 scribenda
1250 3137 1289 3202 ad
1308 3151 1341 3204 te
1359 3139 1488 3227 putari,

308 3281 404 3349 quam
428 3281 490 3347 quo
514 3269 545 3324 te
569 3257 736 3322 arbitrarer
766 3256 893 3321 monitis
916 3269 948 3321 et
970 3257 1145 3346 praeceptis
1175 3278 1280 3345 egere.
1340 3255 1487 3323 Sciebam

307 3383 392 3447 eninr
416 3404 452 3446 ex
475 3377 585 3444 iisdem
609 3389 641 3443 te
663 3377 742 3442 haec
768 3375 896 3441 haurire
923 3375 1085 3454 fontibus,
1109 3399 1147 3441 er
1170 3377 1284 3465 quibus
1307 3378 1374 3466 ipse
1405 3379 1487 3441 han·

309 3525 434 3566 seram.
486 3495 742 3585 Quare‘modum
775 3496 901 3562 faciam.
950 3496 1045 3562 Nunc
1071 3509 1194 3563 tantum
1219 3497 1487 3588 significandam

305 3623 436 3713 putari,
462 3633 496 3685 ut
518 3619 621 3708 potius
645 3639 784 3683 amorem
807 3616 1006 3683 ostenderem
1024 3641 1152 3697 meum,
1178 3641 1273 3708 quam
1297 3630 1486 3685 ostentarem

305 3742 516 3833 prudentiam.
580 3739 727 3818 Interea,
776 3761 857 3827 quae
903 3738 943 3803 ad
985 3737 1172 3827 dignitatem
1207 3750 1295 3804 tuam
1328 3741 1486 3831 pertinere

305 3862 502 3940 arbitrabor,
539 3858 674 3925 studiose
713 3857 944 3948 diligenterque
979 3859 1140 3924 curabo.»
1188 3860 1260 3925 Tria
1290 3862 1324 3925 in
1361 3859 1410 3925 his
1439 3882 1486 3925 re·

304 3982 489 4076 prehend03
514 3982 653 4071 primum
672 3980 797 4068 requiro
820 3991 890 4068 post
910 3984 1119 4070 praeceptis
1142 4003 1316 4070 pronomen
1341 3982 1488 4070 possessi·

304 4129 379 4172 rum
405 4107 490 4170 aneis
504 4127 515 4167 .·
537 4101 651 4169 deiude
685 4122 758 4166 cum
792 4100 890 4165 Bakio
926 4101 1112 4178 hauriam,
1143 4113 1210 4166 tum
1244 4101 1421 4166 subiectum
1445 4100 1484 4165 ad

303 4226 434 4292 verbum
458 4221 739 4311 siqnificandnm.
776 4219 941 4286 Intercidit
963 4222 1093 4287 fortasse
1111 4238 1267 4300 sensnm,
1283 4244 1346 4311 quo
1368 4221 1482 4288 melius

304 4345 493 4413 vocabulum
517 4344 651 4435 reperire
679 4364 742 4407 non
765 4363 916 4431 possum,
948 4342 1032 4408 conf.
1064 4367 1114 4432 ep.
1140 4347 1160 4408 4
1185 4345 1203 4427 §
1228 4348 1269 4408 3:
1306 4342 1410 4410 «Non
1434 4354 1480 4408 est

303 4467 382 4534 mihi
399 4466 521 4555 ignotus
539 4487 645 4530 sensus
663 4475 735 4528 tuus
746 4486 766 4525 n
790 4475 821 4529 et
840 4485 890 4552 ep.
907 4466 948 4528 25
974 4466 1042 4548 §3:
1068 4461 1130 4528 Sed
1150 4475 1256 4530 tamen
1274 4466 1481 4529 sententiam

302 4612 405 4657 meam
427 4587 486 4653 tibi
510 4590 661 4675 ignotam
682 4607 746 4650 esse
769 4583 927 4650 nolebam.
944 4609 965 4647 »

348 4712 406 4799 Ep.
427 4714 445 4774 4
467 4710 488 4793 =§
505 4711 541 4772 2:
574 4707 829 4794 «Quaecumque
853 4707 885 4771 in
907 4729 957 4772 me
981 4706 1063 4773 bona
1084 4720 1156 4773 sunt
1182 4719 1235 4773 aut
1258 4708 1402 4773 fortunae
1424 4706 1481 4770 be·
