3542 5492
863 418 904 476 25

284 601 463 670 Pronomen
486 600 565 666 illud
597 603 748 691 scriptum
781 601 874 666 luisse
894 613 972 691 puto
1007 624 1100 692 supra
1132 625 1218 667 roca.
1233 608 1348 692 pauci
1366 613 1471 682 suut,

283 725 336 792 sed
360 725 427 802 sic,
453 736 490 788 ut
521 725 727 790 coniunctum
750 735 829 789 esset
853 745 927 788 curn
952 722 1049 788 altero
1074 745 1142 788 voc.
1169 733 1262 789 suut.
1311 725 1413 814 Igitur
1437 727 1470 792 in

278 846 448 935 archetypo
477 844 645 910 lectionem
666 844 760 908 fuisse
788 843 948 932 suspicor,
974 866 995 906 «
1005 843 1030 907 si
1054 843 1109 931 qui
1132 856 1230 914 sunt,
1263 845 1318 933 qui
1341 845 1463 924 velint,

269 968 385 1057 pauci
409 972 513 1043 suut,
539 976 594 1042 et,
620 967 682 1051 qui
714 959 819 1041 suut,
852 985 961 1030 omnes
985 987 1053 1029 rem
1077 963 1116 1028 ad
1139 965 1326 1055 Pompeium
1350 965 1466 1034 deferri

280 1086 434 1151 volunt.»
488 1084 537 1150 lta
561 1083 657 1150 dictio
682 1084 828 1150 omnibus
851 1084 993 1174 partibus
1028 1085 1197 1164 satisfacit,
1230 1099 1325 1174 atque
1344 1087 1469 1174 forma
1504 1102 1508 1108 ’

281 1206 428 1272 orationis
457 1205 528 1295 plus
559 1205 679 1284 habet,
706 1227 768 1294 quo
797 1229 828 1270 se
862 1204 1081 1284 commendet,
1106 1218 1137 1270 et
1162 1206 1187 1270 si
1210 1207 1352 1273 conferes
1382 1208 1470 1276 hune

281 1329 385 1396 lacurn
417 1349 489 1392 cum
518 1325 708 1404 simillimis,
733 1348 798 1392 uon
830 1327 914 1405 erit,
950 1327 1086 1416 opinor,
1124 1325 1277 1406 dubium,
1315 1329 1393 1417 quin
1424 1331 1469 1396 ita

282 1447 436 1516 edendum
457 1445 508 1512 sit.
559 1445 723 1512 Eiusmodi
746 1447 903 1512 sententia
932 1458 1031 1512 exstat
1059 1471 1088 1512 e.
1114 1470 1144 1535 g.
1174 1447 1207 1512 in
1235 1472 1286 1538 ep.
1312 1457 1346 1514 11
1378 1452 1395 1536 §
1420 1455 1465 1516 2:

278 1569 330 1636 sed
351 1569 432 1634 mira
445 1571 616 1658 paucitas
640 1580 710 1647 est,
735 1580 766 1634 et
789 1591 872 1648 aas,
897 1591 986 1658 quaa
1015 1576 1121 1646 suut,
1146 1568 1237 1635 valde
1263 1572 1354 1658 queri
1377 1572 1467 1638 aiunt

278 1703 364 1770 cet,
390 1702 421 1754 et
443 1690 477 1754 in
498 1689 569 1758 Lib.
585 1689 644 1754 XV
668 1713 718 1779 ep.
740 1698 754 1754 1
775 1692 825 1773 §5
851 1713 958 1778 aeque
982 1692 1201 1769 multisunt,
1226 1703 1257 1756 et
1276 1691 1466 1781 diffugiunt,

277 1815 465 1900 quisunt,
490 1822 579 1876 metu
605 1810 722 1878 oblato.

322 1932 404 1998 Tum
434 1953 498 1996 non
534 1932 686 1996 intactam
720 1931 865 2019 relinquo
898 1931 1086 2020 scripturam
1123 1933 1140 2014 §
1167 1935 1206 1994 t:
1246 1955 1352 1996 «nam
1392 1944 1462 2000 tum

281 2052 357 2141 (non
381 2051 467 2138 oum)
493 2052 526 2116 in
559 2074 702 2116 sermone
738 2050 945 2140 quotidiano,
977 2063 1046 2116 tum
1081 2052 1115 2116 in
1147 2065 1258 2117 senatu
1281 2053 1387 2140 palam
1419 2055 1463 2118 sic

278 2177 350 2262 egit
377 2195 505 2254 causam
529 2184 641 2250 tuam,
676 2185 779 2237 ut-
801 2195 865 2237 non
889 2171 1069 2261 potuerit.»
1125 2170 1207 2237 Cum
1230 2172 1464 2239 consideramus

276 2296 309 2360 in
333 2294 420 2360 omni
443 2293 504 2358 hac
536 2291 746 2382 descriptione
779 2291 964 2359 Ciceronem
987 2315 1139 2382 usurpare
1168 2305 1349 2361 constanter
1371 2317 1464 2385 prae·

278 2414 569 2518 sentiahistorica,
596 2437 653 2480 cur
676 2413 857 2479 dubitemus
881 2414 977 2479 etiam
1004 2413 1057 2478 hic
1081 2415 1245 2480 restituere
1268 2416 1372 2503 agit?

325 2533 474 2626 Superest
503 2536 536 2600 in
572 2532 681 2600 cadem
705 2534 835 2623 epistola
861 2537 878 2616 §
907 2540 946 2599 3:
983 2532 1143 2599 «Crassus
1165 2571 1211 2582 -·
1239 2548 1345 2600 censet
1368 2519 1463 2602 etiam

277 2678 314 2720 ex
338 2656 393 2734 iis,
419 2657 472 2744 qui
495 2680 567 2722 cum
592 2656 724 2745 imperio
749 2658 841 2732 siut,
857 2653 990 2719 Bibulus
1013 2667 1075 2720 tres
1098 2655 1215 2744 legatos
1237 2654 1402 2744 (decernit)
1425 2680 1462 2722 ex

276 2777 337 2856 iis,
364 2777 418 2864 qui
440 2778 554 2868 privati
586 2785 709 2842 suut.»
757 2775 843 2842 Mera
874 2773 937 2840 hoc
964 2775 1033 2840 loco
1063 2776 1312 2866 circumscriptio
1336 2790 1406 2855 est,
1431 2789 1462 2841 et

273 2899 370 2986 igitur
391 2896 644 2976 restituendum,
670 2919 712 2960 ea
734 2898 802 2974 iis,
827 2899 979 2982 quicum
1002 2899 1148 2985 imperio
1171 2906 1264 2962 suut.
1313 2898 1461 2964 Rectissi-

277 3041 326 3082 me
345 3018 437 3084 etiam
463 3018 604 3084 Klotzius
628 3017 821 3097 observavit,
848 3028 983 3105 utroque
1007 2999 1076 3082 lo‘co
1100 3017 1211 3082 saltem
1233 3029 1288 3082 aut
1309 3018 1460 3085 ludicati-

278 3160 349 3202 rum
374 3151 427 3204 aut
454 3137 699 3204 Coniunctirum
729 3161 794 3202 esse
822 3136 990 3202 edendum.
1048 3137 1088 3202 Et
1111 3150 1218 3204 tamen
1241 3138 1461 3206 soloecismum

274 3260 338 3348 ipse
361 3261 503 3326 retinuit.
561 3260 704 3326 Fortasse
732 3259 874 3324 incuria:
906 3270 991 3323 certe
1014 3259 1063 3322 rix
1083 3258 1217 3337 dubito,
1243 3261 1321 3347 quin
1347 3260 1459 3325 eodem

273 3381 385 3460 modo,
413 3404 475 3469 quo
499 3404 581 3470 ego,
606 3382 694 3448 litem
714 3380 851 3446 dirimat.

319 3502 356 3566 ln
377 3505 460 3591 ep.2
487 3503 504 3586 §
532 3507 560 3566 4.
609 3500 856 3590 Wesenbergius
877 3499 916 3565 de
941 3499 1163 3565 consecutione
1187 3512 1367 3589 temporum
1388 3524 1460 3568 eam

273 3635 381 3688 tuetur
412 3623 623 3700 sententiam,
653 3642 710 3711 pro
735 3644 797 3709 qua
822 3621 914 3685 toties
937 3632 1066 3708 tamque
1089 3620 1225 3687 feliciter
1246 3623 1458 3711 propugnavit

271 3741 402 3820 Belius,
429 3742 462 3808 in
485 3742 552 3808 his:
580 3741 669 3808 «hoc
689 3741 832 3808 videmur
856 3764 922 3807 esse
946 3741 1129 3819 consecuti,
1155 3742 1291 3830 nequid
1313 3744 1361 3832 agi
1383 3766 1459 3812 cum

270 3863 388 3954 populo
414 3876 468 3929 aut
492 3863 582 3929 salvis
601 3863 746 3952 auspiciis
763 3875 816 3929 aut
840 3862 931 3927 salvis
955 3861 1077 3951 legibus
1101 3873 1156 3926 aut
1175 3861 1312 3951 denique
1337 3863 1458 3931 sineri

264 3988 426 4074 possit.»
474 3983 623 4049 Restituit
649 3992 797 4074 posset,
829 4004 987 4071 eumque,
1017 3993 1053 4047 ut
1084 3982 1150 4048 fere
1181 4005 1304 4073 semper
1326 3984 1360 4050 in
1384 3985 1457 4050 tali-

270 4103 329 4171 bus
346 4104 461 4183 rebus,
480 4117 605 4172 secutus
625 4117 671 4170 est
683 4104 836 4171 Klotuius.
875 4104 995 4170 Eadem
1009 4102 1165 4170 medicina
1185 4116 1255 4191 eget
1275 4127 1324 4193 cp.
1351 4109 1370 4169 4
1389 4109 1453 4190 §2.

317 4227 376 4315 up.
400 4231 451 4291 5a
476 4228 494 4310 §
515 4232 545 4291 3.
596 4224 673 4290 «Ile
699 4224 909 4290 Alexandrina
935 4247 969 4289 re
1000 4246 1174 4311 causaque
1197 4228 1299 4309 reqia
1331 4238 1457 4294 tantum

269 4346 372 4412 habeo
395 4346 560 4436 polliceri,
598 4371 648 4412 me
672 4346 729 4412 tibi
753 4346 875 4412 absenti
900 4345 1026 4434 tuisque
1048 4343 1265 4433 praesentibus
1293 4347 1453 4413 cumulate

270 4468 545 4536 satisfacturum.»
599 4467 648 4535 Ne
678 4466 731 4535 hie
763 4467 892 4555 quidem
917 4489 1092 4554 causaque
1126 4469 1228 4552 reqia
1259 4490 1277 4530 a
1304 4465 1457 4534 Cicerone

270 4590 421 4680 scriptum
445 4611 511 4654 esse
536 4588 695 4669 arbitror3
727 4612 808 4678 quae
833 4588 927 4654 uerba
957 4589 1052 4654 etiam
1075 4588 1109 4652 in
1132 4590 1288 4654 sententia
1312 4589 1457 4677 sequenti

270 4710 394 4782 uncinis
410 4708 538 4778 inclusit
564 4710 716 4776 Baitcrus.
766 4709 817 4778 Sic
841 4711 874 4774 in
898 4733 948 4799 ep.
974 4707 1027 4774 5b
1051 4721 1135 4774 reete
1159 4709 1276 4797 legitur
1298 4708 1456 4774 Alexan-

1174 4832 1189 4881 i
