3542 5492
886 417 926 477 42

307 601 396 666 initio
416 600 568 691 legimus:
596 611 730 666 <momen
746 601 790 666 ita
807 612 838 668 te
857 601 1009 669 rictorem
1028 601 1276 692 complectar—
1288 637 1353 680 -,
1377 615 1412 669 ut
1424 625 1490 668 ma·

307 745 402 810 gnam
426 734 547 812 partem
568 720 649 787 mihi
665 721 802 788 laetitiae
815 734 869 787 tua
880 720 1016 811 dignitas
1028 723 1137 802 affert,
1163 744 1259 812 quam
1278 735 1310 788 et
1330 727 1488 788 esseiam

307 850 341 905 et
349 841 515 928 suturam
535 844 791 932 amplissimam
810 841 996 931 intelligo«
1044 842 1091 907 Ita
1102 891 1111 921 ,
1129 841 1240 921 credo,
1261 844 1415 909 sententia
1435 843 1489 908 ab·

305 961 412 1028 horret
432 986 449 1026 a
472 986 558 1028 more
574 962 736 1053 loquendi.
785 962 927 1044 Dicimus
947 961 1060 1052 vulgo:
1088 974 1172 1028 «tua
1191 962 1325 1052 dignitas
1344 967 1415 1028 iam
1435 972 1488 1028 est

306 1083 516 1173 amplissime,
531 1082 583 1150 sed
602 1096 708 1149 tamen
723 1086 793 1154 erit
813 1083 919 1147 multo
931 1083 1127 1172 amplior,>›
1151 1096 1223 1162 aut,
1249 1095 1334 1148 «tua
1353 1083 1488 1173 dignitas

306 1207 396 1282 erit,
416 1203 463 1269 rel
474 1204 578 1293 potius
591 1207 661 1267 iam
681 1212 734 1268 est
753 1204 1013 1293 amplissima.»
1051 1204 1138 1288 Quae
1149 1203 1323 1270 locutiones
1334 1226 1400 1269 non
1415 1216 1489 1269 sunt

311 1321 438 1412 quidem
461 1322 601 1388 eiusdem
626 1322 882 1411 significationis,
917 1322 970 1388 sed
999 1324 1055 1388 tali
1080 1335 1221 1414 tempore
1251 1337 1283 1390 et
1304 1325 1362 1390 tali
1383 1348 1418 1390 re
1441 1323 1490 1388 his

309 1444 478 1534 praecipue
502 1443 637 1508 solemus
657 1444 724 1522 uti,
750 1465 814 1508 non
834 1466 891 1522 ea,
913 1466 975 1531 qua
999 1441 1110 1510 Cicero
1133 1466 1219 1510 nunc
1242 1467 1316 1510 usus
1339 1467 1405 1510 esse
1427 1467 1489 1534 pu·

307 1577 404 1631 tatur.
431 1563 582 1630 Rescribe
602 1586 725 1653 «quam
746 1564 887 1629 futuram
906 1564 1130 1654 amplissimam
1150 1578 1245 1654 etque
1269 1589 1335 1631 esse
1350 1565 1413 1630 iam
1437 1565 1488 1629 in·

276 1762 279 1766 Δ
306 1685 414 1776 telligo
427 1685 469 1751 cf.
484 1684 527 1750 ΙΙ.
550 1708 600 1774 ep.
617 1689 635 1749 5
662 1687 726 1769 §2.
764 1685 839 1769 Quis
857 1684 938 1749 ferat
957 1685 991 1749 in
1013 1683 1144 1750 Caesare
1169 1685 1205 1750 B.
1220 1685 1258 1751 G.
1282 1685 1355 1752 vll.
1381 1709 1409 1751 e²
1423 1689 1486 1751 30:

307 1829 328 1869 r<
337 1806 472 1895 plusque
504 1806 608 1870 animo
629 1803 792 1894 providere
819 1817 850 1870 et
878 1806 1071 1894 praesentire
1095 1805 1352 1883 existimabatur,
1379 1805 1487 1894 quod,

306 1928 501 2016 reintegra,
525 1927 627 2015 primo
651 1905 899 1990 incerdemdum
925 1926 1114 1992 Avaricum
1126 1975 1135 2004 ,
1153 1933 1240 2016 post
1262 1924 1487 1990 deserendum

313 2061 523 2114 censuerat.»
548 2048 617 2113 Hoc
630 2047 797 2113 consilium
820 2069 985 2135 nunquam
1006 2045 1135 2112 dederat
1159 2046 1413 2135 Vercingetorix,
1435 2045 1490 2112 sed

308 2168 446 2235 dixerat:
482 2169 614 2258 «primo
644 2167 893 2248 deserendum,
918 2179 987 2257 post
1019 2166 1265 2232 incendendum
1289 2190 1355 2233 esse
1379 2166 1490 2232 Avari·

310 2312 425 2355 curn.»
461 2289 499 2354 In
513 2287 666 2355 Cicerone
690 2301 866 2378 sequuntur
889 2288 976 2355 brevi
995 2300 1088 2376 post:
1115 2287 1235 2372 «Quod
1258 2287 1338 2352 mihi
1361 2286 1490 2376 quidem

308 2411 439 2476 minime
463 2433 603 2488 norum,
629 2410 684 2498 qui
707 2421 738 2474 et
761 2421 793 2473 te
815 2430 939 2472 nossem
962 2420 994 2472 et
1020 2419 1147 2472 tuarum
1170 2407 1348 2474 litterarum
1373 2406 1412 2472 ad
1438 2419 1490 2474 ine

308 2533 473 2597 missarum
495 2531 646 2622 promissa
669 2528 881 2594 meminissem
900 2540 932 2593 et
951 2526 1101 2594 haberem
1121 2550 1139 2591 a
1163 2528 1281 2594 Furnio
1305 2541 1412 2594 nostro
1435 2541 1490 2594 tua

307 2654 433 2744 penitus
464 2651 593 2717 consilia
621 2650 769 2739 cognita,
795 2647 848 2714 sed
872 2649 995 2712 senatui
1024 2649 1144 2713 maiora
1167 2649 1231 2714 risa
1259 2661 1351 2727 sunt,
1387 2672 1490 2737 quam

309 2783 412 2838 eraut
435 2780 685 2862 exspectata.»
734 2770 833 2855 Quis,
859 2791 993 2857 quaeso,
1018 2768 1097 2834 haec
1121 2770 1242 2835 sincera
1268 2792 1333 2834 esse
1357 2769 1490 2836 arbitre-

309 2894 385 2959 tur?
446 2889 658 2982 Opponuntur
690 2889 892 2978 simpliciter:
929 2911 1045 2977 «quae
1082 2888 1162 2954 mihi
1197 2888 1325 2978 quidem
1359 2890 1491 2955 minime

309 3037 396 3079 mora
425 3014 577 3090 fuerunt,
603 3014 687 3098 quia
718 3010 792 3075 talia
825 3033 842 3074 a
873 3022 905 3075 te
936 3018 1201 3100 exspectaram·
1227 3011 1349 3076 senatui
1370 3012 1491 3077 maiora

308 3137 372 3202 risa
396 3145 491 3211 sunt,
516 3135 601 3221 quia
625 3153 692 3194 mom
727 3137 830 3194 eraut
861 3139 1077 3220 exspectata.
1138 3129 1172 3196 Si
1195 3131 1239 3196 sic
1262 3129 1372 3196 Cicero
1405 3133 1491 3221 cogi-

308 3268 411 3322 tatum
434 3252 635 3332 enunciavit,
660 3249 843 3340 corrigenda
867 3261 940 3314 sunt
965 3271 1054 3337 quae
1079 3287 1124 3296 —
1148 3272 1234 3313 nova
1257 3273 1314 3339 pro
1338 3250 1431 3337 quod
1446 3289 1493 3302 -

309 3399 428 3442 meeum
453 3385 483 3439 et
507 3375 591 3460 quia
615 3394 681 3434 mom
700 3392 758 3458 pro
781 3393 882 3457 quam
908 3368 949 3433 cf.
974 3369 1045 3433 XII.
1070 3391 1121 3456 ep.
1145 3376 1164 3432 5
1190 3371 1253 3453 §t

357 3499 399 3561 ln
424 3497 499 3579 §35
527 3490 678 3555 «Placuit
697 3489 806 3568 nobis,
831 3501 867 3554 ut
891 3489 996 3554 statim
1020 3487 1060 3552 ad
1081 3486 1278 3568 Cornutum,
1290 3499 1492 3579 praetorem

309 3618 496 3692 urbanum,
521 3610 860 3677 litteras'deferremus.
872 3633 894 3674 »
931 3608 996 3677 Gur
1015 3609 1197 3675 addendum
1210 3619 1413 3699 praetorem
1432 3637 1493 3677 ur·

310 3735 478 3802 banrrml'
509 3733 626 3797 Planco
647 3731 707 3797 hoc
731 3753 795 3796 nou
824 3743 891 3796 erat
915 3731 1068 3819 ignotum.
1118 3732 1158 3796 Et
1181 3743 1266 3796 tum:
1302 3733 1493 3818 «Quicum

309 3857 409 3950 gratia
428 3855 580 3922 effecisset
591 3831 607 3932 ,⁸
619 3865 654 3918 ut
671 3875 726 3916 sua
744 3852 899 3917 sententia
918 3852 1020 3940 prima
1039 3852 1324 3941 pronunciaretur,
1347 3852 1494 3941 frequens

310 4003 382 4046 eum
404 3988 529 4042 senatus
564 3973 691 4062 reliquit
715 3985 746 4038 et
778 3974 811 4038 in
835 3972 896 4037 alia
920 3973 1026 4036 omnia
1049 3971 1232 4037 discessit.»
1292 3974 1493 4062 Quamquam

309 4125 382 4167 eum
406 4097 469 4162 dici
492 4107 619 4185 potest,
644 4106 750 4159 tamen
782 4094 857 4181 quia
889 4091 998 4158 eadem
1023 4092 1253 4180 significatione
1277 4093 1414 4158 occurrit
1437 4115 1493 4157 re-

310 4224 466 4309 linquere
488 4216 715 4291 seutentiam,
739 4212 792 4277 hic
816 4213 917 4278 multo
935 4213 1048 4279 melius
1068 4213 1150 4278 duco
1169 4213 1333 4278 restituere
1358 4234 1444 4278 eam.

353 4341 390 4405 ln
408 4340 471 4404 line
496 4337 556 4424 up.
574 4339 614 4399 13
628 4333 811 4413 habemus,
836 4356 856 4395 r<
869 4334 931 4418 Qui
950 4333 1035 4398 enim
1058 4333 1143 4419 [m]
1169 4331 1344 4399 Antonium
1361 4356 1493 4423 oppres-

310 4463 407 4540 serit,
432 4460 457 4522 is
481 4456 602 4522 bellum
627 4455 841 4520 confecerit.»
889 4453 1018 4541 Itaque
1049 4452 1222 4518 Homerus
1252 4477 1319 4519 mm
1350 4454 1493 4520 Aiacem

309 4605 416 4672 meque
428 4579 618 4656 Achillem,
634 4575 698 4640 sed
713 4574 858 4662 Ulyxem
878 4577 1075 4666 appellavit
1092 4575 1377 4658 πτολίπορθον.
1418 4571 1493 4638 Bel·

309 4705 462 4769 lissimum
483 4722 555 4766 rero
574 4700 818 4786 argumentum!
867 4697 953 4764 Num
980 4709 1033 4776 tu,
1058 4697 1181 4775 lector,
1201 4697 1280 4763 serio
1301 4693 1402 4761 credis
1422 4694 1496 4759 istas
