3542 5492
845 431 884 492 15

274 623 361 713 paria
397 631 451 683 aut
485 639 523 682 eo
557 616 710 705 ampliora
745 615 868 705 reliquo
903 628 1045 704 tempore
1075 626 1271 704 exspectes.»
1317 614 1459 680 Primum

275 767 339 808 uon
370 761 496 806 necesse
523 749 589 817 est,
622 749 659 802 ut
689 736 809 827 Lepido
830 736 1004 802 hexametri
1026 734 1201 800 clausulam
1223 732 1459 814 condonemus,

275 860 417 928 simodo
440 879 629 947 reponamus
642 857 726 946 fixa
750 857 961 935 haerebunt,
990 855 1076 945 quod
1097 856 1228 922 fortasse
1250 856 1285 921 iu
1308 856 1365 921 tali
1387 879 1461 922 sen·

274 983 373 1048 tentia
405 979 497 1045 unice
528 1001 639 1044 rerum
669 990 729 1058 est3
766 990 837 1043 tum
863 1000 951 1044 noce.
976 1000 1066 1066 quae
1088 977 1222 1068 Lepido
1245 975 1354 1064 dipsa
1379 983 1461 1041 sunt

273 1103 379 1192 spuria
409 1123 474 1166 esse
501 1099 629 1178 iudico,
654 1123 727 1166 nam
752 1099 777 1163 si
801 1098 939 1189 Lepidus
960 1098 1023 1165 hoo
1044 1099 1237 1188 scripsisset,
1260 1119 1366 1177 nune,
1390 1120 1462 1164 cre·

275 1221 335 1300 do,
359 1221 533 1310 legeremus
556 1243 646 1308 qroae
669 1241 714 1286 nrt
738 1220 847 1310 digna
870 1230 963 1285 sunt.

320 1340 433 1429 Neque
455 1340 667 1407 omittendum
690 1351 737 1405 est
759 1341 792 1404 in
815 1363 866 1429 ep.
893 1344 936 1406 at
958 1343 976 1425 §
997 1345 1016 1406 5
1035 1340 1153 1406 malam
1172 1340 1461 1429 interpunctionem

276 1483 340 1526 esse
368 1462 513 1549 positam.
561 1457 662 1526 «Scis
690 1472 746 1540 tu,
778 1460 825 1524 mi
856 1457 986 1539 Cicero,
1015 1460 1100 1550 quod
1123 1460 1163 1525 ad
1185 1458 1328 1527 Caesaris
1351 1459 1462 1526 amici·

275 1580 351 1644 tiam
385 1582 517 1659 attinet,
551 1581 731 1646 societatem
755 1580 834 1645 mihi
857 1592 966 1647 tecum
989 1604 1054 1647 esse
1077 1601 1460 1682 communpmm--m

275 1704 292 1788 §
322 1703 354 1766 6.
404 1699 486 1780 Sed,
520 1699 675 1790 quidquid
706 1699 764 1765 tibi
793 1701 916 1780 scribo,
949 1701 1093 1768 dolenter
1113 1725 1166 1768 me
1188 1701 1319 1768 hercule
1341 1700 1461 1790 magis,

275 1842 372 1910 quam
394 1821 522 1886 inimice
545 1820 639 1886 facio.
690 1819 782 1906 Quod
805 1821 881 1885 sirit
906 1820 1062 1887 Antonius
1084 1820 1197 1900 hodie,
1220 1821 1303 1911 quod
1324 1820 1463 1910 Lepidus

277 1964 341 2006 una
372 1953 437 2020 est,
471 1941 555 2029 quod
583 1941 736 2006 exercitus
760 1940 879 2006 habeut
902 1964 967 2006 non
991 1943 1257 2022 contemnendos,
1282 1941 1368 2031 quod
1390 1964 1463 2031 spe·

279 2073 369 2140 rant,
395 2061 479 2149 quod
503 2061 641 2140 audent,
666 2061 698 2126 id
718 2084 812 2128 omne
830 2060 956 2128 Caesari
976 2076 1141 2153 acceptum
1160 2063 1277 2129 referre
1294 2075 1462 2152 possunt.»

277 2179 440 2248 Sententia
464 2181 574 2269 periit,
604 2204 679 2247 nam
701 2181 781 2247 illud
806 2183 871 2247 sed
893 2184 1082 2249 sententiam
1104 2196 1288 2272 sequentem
1311 2205 1386 2249 curn
1409 2205 1464 2249 su·

276 2301 398 2391 periore
430 2302 611 2381 connectit,
647 2325 729 2390 quae
762 2303 807 2368 sic
838 2326 913 2370 sane
943 2305 1094 2393 coniungi
1123 2327 1188 2369 nou
1218 2316 1330 2394 potest.
1380 2303 1463 2389 Quid

277 2422 401 2488 multa?
436 2421 541 2487 Verba
567 2421 751 2511 Quidquid
770 2461 816 2474 —
830 2423 934 2511 facio
950 2425 984 2490 in
1002 2425 1184 2514 parenthesi
1202 2437 1276 2491 sunt
1294 2423 1462 2515 ponenda,

279 2555 310 2608 et
343 2554 412 2607 tum
444 2518 563 2632 puncto
598 2542 702 2610 deleto
731 2545 830 2610 oratio
862 2545 1076 2611 continuanda
1110 2546 1232 2614 verbis:
1267 2545 1361 2635 quod
1387 2545 1464 2611 ririt

281 2663 435 2728 Antonius
459 2676 518 2729 eet.

324 2782 423 2849 Valde
454 2785 593 2873 speciosa
624 2796 671 2850 est
702 2783 793 2850 Bakii
820 2785 879 2850 riri
909 2785 950 2851 ol.
976 2786 1155 2854 emendatio
1177 2787 1211 2854 in
1234 2809 1285 2876 ep.
1314 2790 1354 2852 15
1382 2788 1399 2871 §
1427 2790 1461 2854 2.

278 2904 400 2970 Proieci
429 2905 536 2994 itaque
563 2927 621 2994 per
651 2904 853 2971 Laterensem
885 2906 1141 2973 internuncium:
1175 2907 1270 2973 fidem
1301 2906 1380 2974 mihi
1406 2906 1464 2973 de-

279 3023 324 3088 dit
350 3037 410 3090 cet.
459 3025 539 3089 Rem
571 3047 630 3090 acu
660 3025 763 3112 tetigit
794 3049 888 3092 senex
918 3027 1183 3115 ingeniosissimus
1212 3028 1459 3117 interpunqeus:

279 3144 439 3211 «Proieci.
487 3144 598 3233 ltaque
624 3167 681 3234 per
700 3145 902 3212 Laterensem
925 3148 1163 3214 internuncium
1186 3146 1283 3213 iidem
1306 3146 1385 3213 mihi
1408 3147 1463 3214 de·

278 3263 358 3330 dit.»
404 3263 524 3330 Eadem
547 3287 652 3356 opera
683 3264 755 3331 addi
784 3278 887 3355 potest
910 3266 1051 3333 eiusdem
1074 3266 1286 3356 pulcherrima
1309 3268 1463 3334 correctio

280 3386 313 3451 in
347 3385 427 3454 libro
462 3385 505 3451 de
540 3385 611 3450 Div.
648 3386 675 3452 Ι.
710 3389 727 3472 §
761 3391 814 3453 46.
863 3410 884 3452 «
897 3387 964 3454 llac
993 3388 1114 3477 ratione
1144 3399 1175 3453 et
1208 3384 1401 3478 Chrysippus
1432 3399 1464 3453 et

281 3505 435 3596 Diogenes
472 3506 638 3596 Antipater
670 3508 781 3573 utitur.
833 3509 916 3594 Quid
949 3523 996 3575 est
1030 3510 1146 3606 igitur,
1171 3532 1228 3575 eur
1255 3507 1464 3574 dubitandum

281 3628 339 3706 sit,
365 3627 442 3716 quin
465 3628 528 3692 sint
552 3649 609 3707 ea,
635 3649 716 3716 quae
737 3627 913 3717 disputari,
942 3628 1124 3694 verissima?
1170 3628 1206 3695 Si
1236 3629 1315 3694 ratio
1338 3651 1464 3694 mecum

280 3747 375 3826 lacit,
408 3748 433 3812 si
462 3760 594 3827 eventa,
623 3749 648 3813 si
671 3748 800 3839 populi,
826 3749 851 3814 si
873 3750 1036 3828 nationes,
1058 3749 1086 3837 si
1111 3748 1242 3829 Graeci,
1268 3749 1294 3814 si
1316 3747 1463 3828 barbari,

280 3869 305 3933 si
333 3869 466 3935 maiores
490 3869 587 3934 etiam
611 3870 728 3948 nostri,
754 3870 778 3934 si
802 3870 916 3936 summi
937 3869 1135 3960 philosophi,
1158 3870 1184 3934 si
1207 3877 1339 3958 poetae,
1364 3869 1390 3935 si
1413 3893 1464 3934 sa-

278 3989 463 4078 pientissimi
485 3988 565 4068 riri,
592 3989 647 4077 qui
670 4012 752 4078 resp.
775 3992 1023 4073 constituerunt,
1044 3976 1099 4079 qui
1118 3990 1211 4055 urbes
1231 3987 1461 4069 condiderunt,

279 4109 305 4173 si
335 4108 473 4197 denique
501 4107 563 4174 hoa
591 4132 714 4198 semper
743 4111 787 4175 ita
810 4123 958 4200 putatum
981 4124 1028 4178 est
1052 4111 1139 4201 (nam
1161 4109 1240 4175 haee
1266 4108 1357 4175 rerba
1380 4121 1465 4176 recte

279 4241 349 4318 post
379 4228 611 4294 condiderunt
640 4229 786 4318 ponenda
818 4254 883 4298 esse
914 4233 1036 4298 censuit
1059 4228 1298 4320 Hottiugerus),
1324 4251 1365 4294 au
1387 4228 1464 4296 dum

279 4349 397 4428 hestiae
425 4349 598 4438 loquantur
627 4353 868 4440 exspectamus?
898 4352 1064 4419 hominum
1088 4352 1303 4420 consentiente
1327 4352 1465 4418 auctori-

280 4482 343 4536 tate
367 4470 508 4535 contenti
531 4493 595 4535 non
619 4471 780 4537 summi»

327 4589 407 4657 Cum
450 4591 689 4679 argumentandi
730 4593 852 4660 ratione
889 4617 952 4662 non
988 4594 1142 4684 quadrare
1176 4591 1463 4684 interpunctionem

281 4712 397 4800 optime
421 4712 518 4780 sensit
541 4711 666 4779 Belius.
