3542 5492
886 402 927 462 48

311 589 386 655 huc.
437 588 511 656 Ulta
539 605 608 652 suas
634 587 762 652 iniurias
786 597 832 651 est
851 609 909 675 per
932 609 985 651 ros
1009 589 1140 654 interitu
1164 590 1311 677 tyranni:
1332 589 1412 654 nihil
1433 612 1497 655 arn·

311 711 434 800 plius.»

357 831 395 896 In
428 831 504 914 §22
541 828 717 893 »Fecimus
752 827 783 892 id
819 827 948 916 quidem
982 828 1176 918 temporibus
1205 828 1373 909 cedentes,
1409 853 1498 917 quae

309 952 428 1016 valeat
453 954 491 1014 ia
514 948 692 1039 republica
706 948 944 1038 plurimum.»
998 948 1120 1016 Ultima
1143 949 1237 1015 rerba
1260 950 1494 1040 interpolatoris

310 1083 393 1137 sunt.
449 1070 568 1136 Multae
600 1069 678 1134 tales
712 1068 746 1132 in
789 1068 929 1157 epistolis
964 1068 1167 1135 venditantur
1195 1071 1388 1149 sententiae,
1419 1094 1496 1160 quas

309 1190 457 1279 equidem
475 1188 673 1280 expellendas
690 1211 755 1255 esse
779 1188 923 1254 arbitror.
971 1188 1024 1256 Sic
1043 1190 1160 1279 legitur
1175 1214 1227 1281 ep.
1244 1193 1285 1257 10
1310 1193 1372 1276 52.
1407 1189 1496 1258 «Sin

238 1337 241 1344 ⁴
308 1311 385 1401 quid
410 1311 581 1376 titubatum
609 1310 658 1398 [ut
681 1310 717 1375 lit
740 1310 773 1374 in
797 1309 895 1396 bello]
911 1333 952 1387 ,a
976 1309 1015 1375 X.
1040 1333 1092 1400 ep.
1111 1315 1155 1378 23
1180 1315 1249 1397 §12
1285 1312 1421 1378 «Pudor
1443 1333 1495 1376 me

312 1433 432 1522 [quiin
454 1431 538 1498 bello
562 1432 696 1496 maxime
716 1442 762 1496 est
779 1430 986 1519 periculosus]
1009 1431 1097 1498 bunc
1119 1455 1228 1498 casum
1245 1432 1347 1522 eoepit
1368 1432 1492 1512 subire,

353 1564 384 1619 et
403 1553 464 1618 ΙΙΙ.
490 1555 576 1642 ep.4
602 1553 680 1635 §2:
715 1573 804 1615 «nec
828 1549 860 1615 id
885 1550 1011 1616 victoris
1029 1553 1124 1631 vitio,
1148 1552 1200 1618 sed
1224 1553 1322 1642 ipsius
1345 1553 1494 1619 victoriae

311 1673 407 1763 [quae
431 1672 574 1740 civilibus
597 1672 687 1738 bellis
711 1694 834 1760 semper
857 1683 904 1737 est
928 1672 1105 1758 insolens],
1130 1685 1161 1738 et
1185 1672 1229 1737 sic
1249 1674 1384 1762 saepius.

308 1835 310 1840 ,
352 1794 390 1859 In
414 1816 464 1884 ep.
489 1797 530 1858 10
556 1795 628 1878 51:
665 1791 757 1857 «Nos
780 1791 833 1857 hie
856 1791 896 1858 de
920 1792 1085 1859 Dolabella
1109 1793 1271 1882 quotidie,
1297 1816 1379 1883 qnae
1399 1778 1518 1858 oola-⁹

306 1938 401 1994 mus,
416 1915 588 1980 audimus»
613 1912 726 1978 Melius
738 1925 818 1978 esset
837 1913 982 1978 velimus
1006 1914 1050 1979 cl.
1063 1937 1112 2004 ep.
1127 1917 1147 1979 8
1165 1915 1183 1998 §
1197 1917 1238 1992 2,
1263 1937 1314 2004 ep.
1330 1917 1372 1980 25
1386 1935 1405 1978 a
1423 1915 1442 1999 §
1457 1917 1490 1978 7.

352 2037 410 2125 up.
428 2038 468 2100 14
493 2039 556 2122 §3.
605 2033 825 2101 «Rhodii-nos
846 2046 877 2100 et
896 2035 1125 2124 rempublicam
1145 2057 1241 2125 quam
1261 2035 1352 2100 valde
1371 2035 1492 2126 despe-

305 2159 490 2235 raverint,
528 2177 565 2221 er
587 2155 723 2234 litteris,
760 2177 837 2244 quas
860 2155 989 2244 publice
1019 2156 1114 2232 misi,
1146 2178 1325 2245 cognosces.
1338 2179 1359 2219 a
1418 2155 1490 2223 Non

306 2290 352 2343 est
375 2276 469 2342 huius
498 2277 560 2342 loci
591 2275 789 2364 desperatio,
826 2273 880 2340 sed
917 2284 1124 2366 spreverant
1155 2274 1272 2341 Rhodii
1304 2276 1488 2343 Lentulum.

299 2397 425 2494 ‘Verum
451 2396 544 2462 eredo
569 2399 768 2487 spreverint
791 2395 830 2460 el.
856 2397 969 2485 ep.15
996 2397 1014 2479 §
1034 2398 1066 2459 2.
1115 2395 1157 2461 Et
1180 2395 1213 2460 in
1238 2399 1256 2482 §
1277 2401 1317 2461 7:
1352 2409 1488 2464 «tamen

305 2541 369 2583 non
393 2517 523 2608 despero
547 2540 650 2606 neque
673 2515 868 2606 defatigabor
883 2537 1094 2606 permanere
1113 2539 1178 2582 non
1201 2517 1303 2584 solum
1326 2518 1359 2583 in
1384 2517 1487 2584 studio

304 2639 474 2718 libertatis,
507 2638 560 2705 sed
592 2638 687 2704 etiam
710 2638 743 2702 in
766 2637 874 2703 labore
905 2649 937 2702 et
958 2637 1148 2727 periculis.»
1207 2637 1260 2704 Sic
1284 2638 1487 2730 defatigare

305 2784 469 2850 nunquam
493 2759 695 2826 construitur.
745 2756 922 2823 Delendum
945 2770 993 2822 est
1008 2779 1230 2847 permanere.

349 2882 385 2948 ln
409 2905 460 2971 ep.
483 2883 525 2950 23
550 2883 628 2966 §22
667 2877 828 2944 «Iterum
858 2877 1072 2942 urbanarum
1100 2889 1171 2942 acta
1204 2878 1263 2943 tibi
1285 2880 1371 2946 mitti
1401 2893 1487 2946 certo

305 3005 409 3070 seio.»
457 3000 564 3068 Glossa
593 3012 639 3066 est
671 2998 800 3065 Iterum
832 2999 1046 3064 urbanarum
1070 2998 1109 3064 of.
1142 3021 1193 3088 ep.
1217 3002 1237 3064 8
1263 3002 1280 3084 §
1314 3001 1354 3079 13
1392 3003 1486 3091 ep.9

306 3128 385 3211 §13
423 3145 475 3211 ep
497 3124 539 3185 bb
566 3122 613 3205 §1
641 3131 672 3185 et
696 3119 723 3184 l.
749 3142 797 3208 ep.
818 3119 843 3184 Ι.
869 3123 961 3208 ep.8
986 3122 1056 3205 §a
1112 3118 1213 3187 Crede
1236 3119 1338 3199 mihi,
1363 3144 1487 3210 semper

306 3244 416 3311 Cicero
440 3241 479 3308 de
513 3239 666 3305 industria
694 3240 727 3304 in
758 3238 895 3328 epistolis
928 3240 1073 3306 brevitati
1096 3241 1213 3318 servit,
1247 3240 1336 3329 ponit
1359 3253 1484 3307 tantum

305 3365 495 3440 verborum,
521 3372 676 3450 quantum
700 3381 839 3424 neeesse
858 3368 922 3424 est.

350 3487 409 3574 Ep.
431 3487 473 3549 24
498 3486 515 3569 §
537 3487 574 3548 2:
602 3503 688 3547 «nec
711 3491 841 3571 postea,
867 3502 963 3568 quam
986 3481 1109 3571 suscepi
1129 3470 1256 3548 eausam
1281 3482 1484 3562 libertatis,

303 3605 470 3670 minimum
494 3616 618 3693 tempus
651 3602 741 3667 amisi
771 3599 907 3667 tuendae
930 3601 1038 3667 salutis
1072 3603 1315 3691 libertatisque
1342 3625 1485 3670 eommu-

302 3727 396 3790 nis.»
444 3726 612 3815 Perperam
637 3723 777 3789 abundat
801 3724 1057 3810 libertatisque.

348 3847 385 3912 In
411 3848 429 3931 §
448 3851 488 3912 3:
515 3845 653 3910 «Facies
676 3845 793 3933 igitur,
819 3855 854 3909 ut
877 3881 924 3894 -
945 3842 1057 3910 litteris
1075 3855 1166 3910 tuum
1189 3857 1221 3910 et
1240 3868 1315 3936 erga
1337 3846 1429 3913 illum
1453 3858 1485 3912 et

301 3991 376 4059 erga
400 3967 585 4055 Dionysium
609 3964 747 4032 studium
760 3968 1035 4056 perspiciamus.
1084 3965 1163 4031 'lota
1179 3966 1310 4055 epistola
1334 3989 1483 4033 numerus

292 4090 439 4156 *occurrit
469 4088 688 4177 singularis:
731 4108 828 4175 quare
856 4107 943 4151 nunc
969 4087 1132 4176 pluralis
1162 4087 1293 4153 minime
1322 4087 1481 4179 ferendus.

302 4210 386 4298 Lege
402 4211 632 4299 perspiciam.
684 4205 723 4269 V
720 4207 787 4271 ale.

676 4447 783 4512 Liber
802 4450 932 4513 tertius
956 4447 1117 4514 decimas.

348 4692 443 4780 apr
473 4693 490 4776 §
516 4694 556 4755 b:
595 4690 673 4757 «lc
705 4705 736 4756 te
759 4690 838 4757 illud
861 4692 1000 4780 primum
1025 4691 1165 4782 rogabo,
1200 4715 1241 4758 ne
1267 4691 1343 4781 quid
1367 4693 1482 4761 inritus
