3542 5492
884 417 927 478 16

360 607 530 694 Postquam
552 604 638 670 enim
663 603 690 688 Q
713 599 821 668 Cicero
844 602 877 668 iu
900 600 1162 691 praecedentibus
1184 616 1315 671 conatus
1334 617 1383 672 est
1405 607 1497 674 variis

314 726 464 817 exemplis
495 725 726 802 demonstrare,
755 722 839 813 apud
863 745 978 787 omnes
1001 745 1102 812 aeque
1123 724 1229 791 valere
1251 724 1496 806 divinationem,

315 847 476 915 concludit
501 845 551 912 his
581 845 700 912 verbis:
751 843 867 928 «Quid
894 855 941 909 est
971 844 1085 933 igitur,
1117 868 1176 912 cur
1204 846 1414 914 dubitandum
1436 849 1495 927 sit,

314 970 392 1059 quin
424 968 486 1034 sint
516 989 573 1046 ea,
603 987 685 1055 quae
709 963 884 1054 disputavi,
909 964 1124 1032 rarissimal»
1148 979 1180 1033 et
1199 980 1236 1033 ut
1259 967 1363 1034 denuo
1383 990 1497 1058 propo·

312 1101 386 1169 nat,
423 1111 480 1154 cur
514 1087 615 1152 omnis
648 1084 802 1152 dubitatio
836 1084 1000 1152 eximenda
1035 1085 1097 1172 sit,
1133 1084 1240 1154 adiicit
1271 1110 1335 1154 uuo
1365 1101 1492 1156 tenore:

312 1211 337 1276 si
359 1221 469 1276 eventa
480 1232 514 1287 ‚n
538 1220 598 1274 eet.
647 1205 789 1273 Stultum
812 1229 878 1272 esse
901 1206 934 1271 in
956 1218 1044 1274 tauto
1061 1229 1216 1275 consensu
1234 1209 1315 1276 velle
1332 1208 1496 1278 dissentire

312 1330 475 1397 contendit
507 1329 546 1415 Q.
581 1325 701 1394 Cicero.
750 1326 830 1394 Tum
863 1328 1013 1395 contrarii
1032 1327 1257 1396 absurditatem
1277 1331 1424 1421 exprimit
1445 1330 1495 1398 di·

312 1473 406 1518 cens:
456 1446 539 1514 «An
573 1447 650 1513 dum
683 1448 802 1516 bestiae
835 1447 1026 1537 loquantur,
1061 1462 1295 1540 exspectamus,
1329 1451 1495 1518 hominum

311 1572 526 1638 consentiente
557 1569 743 1636 auctoritate
773 1590 838 1635 non
865 1569 1008 1636 contenti
1036 1571 1204 1636 snmusln
1251 1571 1319 1637 Vox
1350 1594 1398 1636 on
1424 1582 1494 1636 tum

308 1694 410 1784 posita
433 1704 479 1759 est
501 1692 534 1756 in
558 1690 753 1766 obiectione,
778 1700 815 1754 nt
837 1711 867 1755 c.
892 1692 935 1755 36
959 1692 977 1774 §
1002 1692 1066 1756 te:
1114 1713 1136 1752 «
1148 1690 1231 1776 Quid
1254 1691 1350 1780 igitur
1369 1713 1493 1781 exspec-

308 1814 438 1880 tamus?
486 1810 536 1878 An
560 1810 636 1876 dum
661 1811 694 1875 in
717 1810 786 1875 loro
809 1808 975 1876 nobiscum
994 1808 1039 1876 dii
1056 1810 1268 1889 immortales,
1288 1810 1365 1877 dum
1385 1812 1419 1876 in
1436 1811 1493 1878 riis

309 1945 472 2003 versentur
482 1982 491 2015 ,
516 1931 592 1997 dum
609 1930 750 1996 domii»
785 1929 868 1996 Illud
890 1953 938 1995 an
957 1930 1100 1997 mirantis
1117 1932 1214 1997 estin
1227 1932 1492 2021 interrogatione,

309 2056 348 2123 de
368 2077 431 2145 quo
454 2052 526 2119 ride
549 2051 684 2117 Balium
706 2051 742 2118 iu
761 2047 868 2118 Schol.
893 2050 1033 2141 Hypom.
1050 2050 1108 2116 tr.
1133 2073 1206 2141 pag.
1231 2056 1285 2118 73.
1324 2049 1407 2119 Cum
1426 2053 1492 2118 viro

309 2176 507 2266 sagacissimo
530 2172 637 2239 locum
662 2171 706 2236 sic
729 2171 973 2238 constituamus:
1012 2170 1128 2256 «Quid
1146 2184 1193 2237 est
1211 2172 1492 2261 igitur,--·--

306 2297 487 2374 rarissima,
511 2294 536 2360 si
560 2293 639 2358 ratio
662 2313 789 2358 mecum
811 2290 1056 2356 facit---
1076 2291 1103 2356 si
1124 2290 1185 2356 hoe
1207 2289 1345 2380 denique
1367 2314 1492 2381 semper

307 2419 350 2484 ita
378 2427 525 2507 putatum
551 2424 609 2478 est.
659 2410 709 2477 An
740 2410 817 2476 dum
840 2410 958 2476 bestiae
979 2410 1152 2499 loquantur
1173 2425 1408 2502 exspectamus,
1432 2412 1491 2479 ho-

306 2539 430 2604 minum
453 2533 669 2602 consentiente
693 2531 879 2597 auctoritate
903 2531 1045 2596 contenti
1067 2553 1132 2598 nou
1155 2535 1320 2600 sumnsl»

353 2657 485 2725 Sumam
512 2654 597 2720 locos
628 2653 748 2742 aliquot
770 2650 970 2742 corrigendos
992 2675 1029 2717 ex
1053 2651 1148 2718 Libro
1173 2653 1230 2719 xl.
1279 2653 1435 2722 Scribitnr
1456 2656 1490 2720 in

308 2781 397 2870 epist.
432 2783 446 2842 l
481 2780 498 2862 §
528 2781 559 2841 3.
607 2797 629 2838 t<
641 2773 723 2859 Quid
750 2795 825 2863 ergo
856 2785 922 2851 est,
946 2773 1067 2862 inquis,
1093 2773 1141 2838 tui
1163 2771 1311 2838 consilii?
1357 2771 1486 2838 Dandus

307 2913 353 2968 est
383 2898 471 2963 locus
502 2895 667 2960 fortunae:
701 2892 877 2959 cedendum
907 2915 944 2958 ex
973 2893 1082 2971 ltalia,
1109 2892 1310 2981 migrandum
1338 2891 1488 2959 Rhodum

307 3032 362 3086 aut
391 3018 498 3106 aliquo
528 3028 683 3081 terrarum
706 3013 903 3080 arbitror.»
951 3012 1169 3081 Omittendum
1191 3024 1239 3079 est
1260 3013 1440 3080 arbitror:
1462 3014 1488 3080 si
1601 3093 1607 3101 Ι

307 3142 392 3207 enim
416 3134 622 3226 respondetur
640 3132 679 3199 ad
700 3132 932 3222 quaestionem:
975 3133 1071 3222 Quid
1088 3133 1196 3225 ergo?
1215 3147 1270 3201 aut
1293 3135 1389 3224 Quid
1405 3157 1486 3224 ergo

308 3258 390 3327 ert?
413 3259 601 3350 plerumque
624 3277 689 3321 uon
711 3266 874 3344 ponuntur
897 3254 990 3322 rerba
1015 3276 1255 3344 supervacanea.

273 3451 275 3456 ,
352 3378 585 3470 Negligentiam
608 3375 757 3441 orationis
780 3396 978 3463 concoquere
999 3395 1065 3438 non
1088 3371 1177 3438 valeo
1198 3372 1233 3438 in
1255 3395 1308 3462 ep.
1335 3378 1388 3442 10.
1412 3376 1430 3459 S
1453 3377 1485 3440 4.

307 3501 399 3569 «Sed
442 3522 547 3588 neque
591 3495 718 3564 Caesari
756 3494 915 3585 imperari·
938 3505 1059 3583 potest,
1093 3515 1154 3560 nec
1189 3490 1304 3560 (laesor
1337 3494 1488 3561 exercitui

307 3645 402 3688 suo.»
449 3619 606 3688 Scriberet
642 3616 860 3706 unusquisque
895 3625 1037 3680 nostrum
1068 3635 1130 3678 nee
1152 3636 1175 3677 a
1204 3610 1379 3694 Caesare,
1404 3615 1489 3704 quod

305 3767 363 3812 cur
382 3743 497 3808 Brutus
521 3762 586 3808 uon
606 3737 783 3828 scripserit,
803 3756 997 3824 quamquam
1015 3732 1124 3800 luisset
1140 3733 1259 3823 scriptu
1277 3734 1486 3814 facillimum,

305 3886 398 3932 nemo
421 3861 513 3929 focile
536 3860 658 3927 dixerit.

350 3983 387 4050 ln
418 4007 469 4074 ep.
506 3988 547 4048 14
577 3983 595 4066 ς
620 3985 661 4046 ³:
710 3975 899 4066 «Scripsisti
922 3986 1029 4042 autem
1050 3974 1090 4041 ad
1112 3997 1165 4042 me
1186 3977 1256 4053 iis,
1281 3997 1359 4064 quas
1378 3974 1487 4042 Idibus

303 4106 395 4173 lllaiis
430 4101 562 4180 dedisti,
589 4098 683 4165 modo
713 4110 745 4166 te
777 4097 933 4186 accepisse
954 4118 974 4159 a
996 4096 1114 4164 Planco
1136 4095 1275 4173 litteras,
1299 4117 1364 4163 non
1388 4098 1486 4186 recipi

306 4224 481 4291 Antonium
506 4245 523 4287 a
547 4218 705 4310 Lepido.»
752 4215 844 4303 Quod
866 4217 901 4283 in
923 4216 1135 4307 superioribus
1158 4214 1279 4282 nullam
1302 4215 1378 4282 feeit
1399 4238 1488 4285 men·

304 4346 425 4412 tionem
453 4344 492 4410 de
524 4339 662 4430 epistolis
693 4349 748 4404 aut
776 4337 842 4404 aliis
872 4349 928 4403 aut
950 4337 1047 4429 ipsius
1070 4337 1180 4412 Bruti.
1204 4336 1249 4402 sic
1273 4334 1416 4405 absolute
1438 4342 1488 4404 iis

303 4489 360 4558 pro
384 4467 433 4529 iis
458 4464 593 4529 litteris
617 4458 740 4524 admitti
763 4479 837 4523 saur
860 4459 940 4525 ratio
963 4457 1131 4548 prohibere
1153 4455 1288 4525 ridetur.
1321 4457 1486 4526 intercidit

305 4609 373 4654 roo.
400 4587 548 4649 litteris.

349 4707 476 4774 Nomen
508 4703 670 4795 proprium
701 4699 784 4769 mele
811 4700 972 4769 invectum
1000 4699 1101 4766 estin
1123 4721 1177 4788 ep.
1205 4696 1487 4768 tantecaudum
