3542 5492
884 427 924 488 18

311 610 430 674 omissis
468 632 555 675 roco.
596 612 698 674 laerta
730 614 900 690 amictos,
932 611 986 676 illa
1021 610 1113 677 rerba
1149 610 1354 678 Ciceroniano
1390 616 1492 679 nitore

310 727 372 793 siut
395 740 515 794 ornata.

315 875 318 884 ·
355 849 392 913 In
423 873 473 938 ep.
508 852 550 913 22
579 852 596 934 s
626 855 658 915 s.
707 849 786 916 «Aa
818 850 850 917 a.
886 819 1519 941 x111.Kattannnarusuequens'

310 969 389 1034 mihi
419 983 465 1035 est
493 991 652 1049 assensus,
686 981 754 1035 tum
777 969 817 1036 de
841 973 952 1037 ceteris
975 971 1068 1038 rebus
1092 973 1214 1062 magnis
1234 985 1266 1038 et
1289 973 1489 1052 necessariis,

310 1103 378 1155 tum
409 1089 448 1155 de
478 1090 645 1180 provinciis
679 1089 718 1154 ab
750 1090 806 1170 iis,
840 1092 896 1180 qui
919 1092 1115 1173 obtinerent,
1145 1093 1362 1172 retinendis,
1388 1115 1491 1182 neque

208 1267 209 1271 ,
309 1210 458 1299 cuiquam
492 1208 669 1290 tradendis,
705 1211 765 1276 nisi
799 1212 854 1300 qui
889 1235 926 1278 er
957 1214 1226 1280 senatusconsulto
1257 1213 1490 1280 successisset.»

311 1328 392 1396 Goll.
426 1355 477 1421 ep.
504 1334 567 1408 25,
597 1330 652 1396 ubi
674 1330 808 1420 legitur:
858 1333 977 1422 «ligo,
999 1335 1044 1399 mi
1069 1332 1240 1413 Cornifici,
1266 1357 1329 1426 quo
1352 1335 1403 1401 die
1425 1336 1491 1425 pri-

309 1473 398 1518 mum
428 1453 462 1515 in
493 1474 580 1540 spem
611 1451 765 1517 libertatis
796 1453 952 1541 ingressus
983 1477 1073 1534 sum,
1105 1468 1137 1521 θῖ
1160 1454 1382 1522 cunctantibus
1406 1468 1491 1521 cete·

309 1573 351 1636 ris
387 1595 415 1638 a.
450 1569 481 1636 d.
516 1571 606 1637 XIII.
639 1571 711 1637 Kal.
745 1571 814 1638 Ian.
850 1573 1056 1640 fundamenta
1086 1575 1147 1641 ieci
1177 1575 1322 1664 reipub,
1354 1598 1393 1640 eo
1424 1576 1491 1665 ipso

309 1692 361 1758 die
382 1691 504 1782 providi
526 1691 680 1770 multum,
707 1703 802 1781 atque
820 1692 919 1758 habui
938 1695 1091 1760 rationem
1111 1695 1271 1784 dignitatis
1290 1706 1374 1761 tuae.
1413 1695 1493 1761 llIihi

310 1815 395 1880 enim
426 1826 472 1879 θεῖ
500 1836 640 1879 assensus
673 1825 797 1879 senatus
828 1812 867 1879 de
896 1814 1092 1880 obtinendis
1114 1816 1327 1904 prouinciis,»
1350 1827 1383 1880 et
1406 1816 1489 1882 Phil.

311 1935 368 2002 XI.
403 1957 431 2000 c.
467 1937 507 1998 12
541 1935 625 2016 §31
653 1932 747 1998 etad
771 1933 860 2000 Fam.
886 1934 914 2000 I.
938 1958 989 2024 ep.
1016 1938 1036 1999 9
1063 1937 1080 2020 §
1109 1939 1169 2015 13,
1194 1937 1267 2001 satis
1290 1907 1491 2002 manifestum

310 2055 347 2121 fit
373 2068 405 2121 et
428 2055 494 2120 sine
518 2053 583 2118 ulla
606 2053 802 2120 dubitatione
826 2053 1047 2120 affirmaverim
1070 2056 1103 2120 in
1126 2056 1196 2121 loeo
1220 2044 1316 2146 priori
1337 2061 1491 2121 retinen·

311 2176 370 2240 dis
399 2175 587 2241 contraxisse
618 2174 722 2241 labem
753 2186 784 2240 et
815 2175 1051 2240 rescribendum
1083 2176 1291 2243 obtinendis.
1342 2176 1425 2263 Quid
1452 2178 1491 2242 sit

311 2299 464 2360 retinere
480 2299 702 2384 provinciam
725 2293 888 2360 ostendam
908 2318 945 2360 er
968 2319 1017 2384 ep.
1040 2294 1079 2359 ad
1099 2295 1188 2359 Fam.
1207 2294 1277 2360 XV.
1299 2319 1351 2384 ep.
1372 2300 1391 2360 5
1412 2298 1430 2382 §
1451 2299 1488 2359 2:

312 2415 496 2482 «Senatum
526 2414 666 2481 indicare
696 2415 799 2504 potius
829 2413 1071 2480 mansuetudine
1097 2428 1128 2480 et
1151 2415 1332 2481 innocentia
1355 2416 1492 2505 impera·

312 2539 386 2603 toris
413 2540 653 2628 provinciam,
692 2558 787 2624 quam
822 2536 852 2600 vi
882 2536 1020 2601 militum
1052 2549 1106 2601 aut
1136 2536 1331 2627 benignitate
1361 2536 1492 2604 deorum

312 2664 483 2722 retentam
496 2669 602 2747 'atque
626 2668 840 2723 conservatam
863 2679 966 2721 esse.»

358 2777 486 2845 Scilicet
521 2800 728 2842 conservare
762 2774 901 2842 eiusdem
936 2775 1001 2840 fere
1034 2774 1270 2863 significationis
1299 2797 1365 2839 esse
1397 2786 1491 2863 atque

255 2875 258 2882 Ι
284 2947 289 2964 .
312 2903 466 2964 retinere
489 2919 553 2963 non
576 2909 679 2987 potest
701 2897 810 2962 latere.

359 3017 509 3109 Sequitur
533 3018 628 3084 liber
652 3017 742 3083 XIII.
771 3018 886 3105 inquo
911 3015 1066 3105 quaedam
1089 3028 1162 3080 sunt
1184 3014 1380 3105 corrigenda.
1423 3016 1492 3081 Pri·
1528 3036 1532 3042 ’

312 3163 401 3206 mum
431 3141 464 3204 in
493 3161 543 3229 ep.
569 3143 632 3205 39:
682 3137 792 3204 «Cum
816 3137 936 3202 familia
960 3137 1102 3203 Titurnia
1125 3134 1321 3203 necessitudo
1343 3136 1421 3202 mihi
1443 3137 1494 3201 in-

313 3260 444 3327 tercedit
478 3273 583 3326 retus:
621 3283 658 3326 ex
694 3259 808 3349 quibus
844 3259 984 3346 reliquus
1019 3269 1065 3322 θεῖ
1100 3256 1143 3320 Μ.
1179 3255 1340 3319 Titurnius
1371 3254 1492 3332 Rufus,

312 3383 437 3472 qui-
458 3380 538 3446 mihi
567 3393 614 3446 est
643 3379 817 3445 tuendus.»
865 3375 997 3442 Familia
1030 3382 1125 3454 tota,
1158 3373 1219 3438 boc
1249 3395 1313 3438 uno
1343 3383 1492 3464 erce'pto,

313 3504 464 3569 exstincta
495 3513 575 3580 erat;
604 3499 674 3588 lege
702 3499 798 3588 igitur
829 3499 1043 3562 intercessit.
1093 3493 1130 3560 ln
1160 3495 1241 3559 fine:
1291 3495 1391 3559 «Erit
1413 3495 1493 3560 mibi

313 3623 516 3689 uehementer
549 3631 711 3709 gratum.»
766 3619 839 3684 Fert
875 3616 1035 3684 Ciceronis
1070 3614 1282 3694 consuetudo,
1319 3627 1354 3680 ut
1389 3615 1491 3682 dicat:

314 3743 434 3808 «Erit
459 3761 496 3807 ln
520 3741 608 3805 milii
626 3741 841 3805 veliementer
859 3747 1002 3828 gratnm
1013 3759 1047 3815 ,n
1069 3733 1335 3825 quemadmodum
1358 3734 1495 3802 OreIIIus

313 3865 394 3931 bene
425 3863 458 3927 in
489 3873 609 3926 testum
640 3873 821 3951 receperat,
854 3858 907 3925 sed
934 3857 996 3922 hoc
1019 3857 1134 3922 iniuria
1158 3868 1213 3921 aut
1235 3857 1357 3921 incuria
1378 3858 1495 3922 omittit

314 3985 468 4050 Baiterus.
496 3980 644 4048 Clausula
667 3983 788 4070 integra
812 3992 858 4044 est
880 4001 932 4068 ep.
959 3981 1022 4055 32,
1048 3983 1112 4056 35,
1138 3982 1199 4057 37,
1224 3981 1288 4055 67,
1314 3981 1377 4055 75,
1402 3982 1455 4044 78.

359 4105 460 4171 Multo
492 4104 587 4198 etiam
621 4102 720 4190 magis
755 4100 963 4190 suspicionem
997 4098 1077 4163 mihi
1104 4109 1209 4162 moret
1239 4121 1290 4187 ep.
1325 4102 1368 4163 63
1402 4101 1420 4183 §
1454 4103 1492 4163 1:

314 4225 419 4291 «Non
448 4223 556 4313 putari
586 4222 655 4286 lieri
683 4243 792 4311 posse,
824 4233 860 4285 ut
891 4219 972 4284 mihi
1002 4218 1095 4285 rerba
1124 4217 1286 4284 deessent:
1313 4217 1365 4284 sed
1388 4231 1495 4287 tamen

313 4349 346 4411 in
376 4343 413 4411 C.
439 4343 557 4409 Laenio
585 4340 834 4407 commendando
859 4341 1023 4405 desunt.»
1070 4338 1155 4405 Nam
1175 4350 1319 4428 pugnent
1342 4362 1416 4406 cum
1438 4342 1494 4418 iis,

315 4489 396 4556 quae
420 4465 524 4529 statim
548 4461 759 4528 subiiciuntur
781 4463 814 4528 in
840 4463 857 4546 §
885 4465 925 4525 2:
974 4457 1067 4526 «Sed
1090 4480 1218 4537 vercor,
1242 4480 1282 4524 ne
1303 4459 1366 4525 iam
1386 4481 1496 4548 super-

315 4611 380 4654 esse
418 4584 512 4650 rerba
542 4596 652 4674 putes,
686 4607 767 4673 quae
798 4583 936 4650 dixeram
967 4579 1151 4646 defutura.»
1198 4578 1271 4645 Non
1298 4592 1363 4644 tam
1395 4580 1497 4669 negli-

316 4721 443 4796 genter,
474 4704 551 4771 mibi
579 4703 688 4786 crede,
713 4704 830 4772 litteras
854 4702 1037 4791 conscripsit
1061 4698 1191 4779 Cicero,
1213 4712 1248 4764 ut
1272 4699 1304 4763 in
1329 4700 1392 4766 fine
1415 4702 1498 4791 epis·
