3542 5492
885 430 926 492 ll

310 614 392 682 hene
421 613 621 703 intelligenti.
672 612 775 682 Verba
802 609 1015 701 providerent
1037 634 1094 702 pro
1114 611 1257 678 videant
1280 627 1312 680 et
1335 617 1492 704 accipiat

309 757 367 824 pro
391 736 514 821 capiat
533 735 606 800 satis
624 732 840 800 demonstrant
862 733 924 800 hoc
948 733 1017 800 loco
1035 734 1197 800 falsarium
1221 735 1390 823 quemdam
1413 737 1492 802 titu-

309 854 408 920 basse.
440 853 530 920 Certa
547 865 594 920 est
611 853 747 919 formula
770 856 1031 931 «committere,
1055 861 1095 918 rrt
1123 851 1219 920 Coss.
1247 857 1491 943 rempublicam

310 972 522 1062 defendant,
552 996 634 1062 quae
661 994 725 1038 non
751 972 889 1038 multum
912 973 1006 1038 distat
1030 974 1069 1037 ab
1092 973 1195 1040 illos»
1219 975 1365 1041 videant
1392 973 1490 1042 Coae.

309 1117 352 1161 ne
379 1093 467 1184 quid
492 1094 690 1180 respublica
725 1093 930 1160 detrimenti
952 1097 1093 1181 cupiat,
1117 1094 1158 1159 cf.
1186 1092 1268 1160 Phil.
1295 1095 1362 1160 Vll.
1389 1098 1407 1181 §
1433 1102 1491 1175 14,

308 1194 343 1283 in
370 1216 431 1280 Pis.
458 1237 486 1280 o.
514 1218 553 1280 31
583 1216 600 1299 §
625 1218 682 1293 77;
709 1212 749 1279 ed
776 1212 840 1280 ta.
866 1213 907 1279 ll.
932 1236 984 1303 ep.
1012 1216 1083 1299 1.§
1112 1217 1186 1280 8et
1206 1214 1300 1280 Briss.
1320 1214 1359 1281 de
1383 1216 1492 1287 Form.

308 1335 347 1402 ll.
377 1357 449 1425 pag.
476 1338 551 1402 214.
601 1335 742 1400 Fortasse
764 1331 844 1399 haec
867 1332 986 1412 verba,
1012 1333 1088 1399 olim
1111 1334 1145 1399 in
1168 1334 1348 1423 margines
1369 1335 1493 1424 Vegetii

307 1455 431 1545 aequali
452 1465 506 1520 aut
530 1453 667 1543 quodam
690 1453 800 1520 aetatis
822 1453 1001 1542 posterioris
1026 1452 1201 1543 adscripta,
1226 1455 1259 1520 iu
1279 1466 1400 1521 textum
1419 1467 1493 1521 sunt

306 1575 504 1664 transposita.

351 1694 446 1762 Modo
474 1692 637 1771 dicebam,
662 1692 847 1760 munitium
869 1705 1067 1794 exemturum
1091 1716 1109 1758 e
1131 1692 1202 1757 loco
1226 1691 1355 1760 laudato
1374 1719 1424 1785 ep.
1448 1699 1491 1761 32

307 1818 325 1902 §
350 1821 385 1896 33
409 1837 471 1904 quo
495 1835 582 1880 nunc
602 1811 706 1880 redeo.
754 1812 846 1879 Balbi
869 1833 1053 1902 responsum
1076 1812 1169 1879 hodie
1192 1814 1237 1878 sic
1260 1813 1425 1881 exhibetur
1452 1815 1492 1881 ab

305 1935 497 2003 editoribus:
547 1933 639 1998 «tbi
661 1953 768 2012 nuno,
793 1932 904 2023 populi
930 1932 1026 1999 fidem
1055 1933 1225 2022 implora.»
1271 1933 1341 2000 Nisi
1369 1935 1494 2024 quidvis

236 2073 239 2081 '
305 2079 363 2147 pro
394 2055 503 2146 quovis
534 2053 598 2121 diei
625 2076 715 2145 posse
738 2052 925 2132 credemus,
949 2053 1029 2120 illud
1051 2054 1111 2118 obi
1133 2055 1268 2119 tonnam
1291 2067 1414 2122 mutare
1437 2055 1495 2121 de·

306 2176 372 2244 bet.
420 2175 576 2243 Dicebant
607 2174 743 2242 Romani
774 2186 828 2242 aut
858 2175 892 2241 in
921 2177 953 2241 2.
985 2197 1118 2264 persona
1150 2173 1178 2240 Ι
1203 2197 1293 2240 nunc
1323 2176 1435 2240 autin
1459 2180 1492 2241 3.

306 2297 468 2386 aliquanto
499 2295 600 2362 lenius
632 2295 708 2360 liat
740 2317 839 2360 nunc.
888 2293 958 2360 Abi
989 2317 1080 2360 nunc
1110 2305 1164 2359 aut
1195 2294 1298 2359 abeat
1327 2318 1417 2360 nunc
1442 2319 1495 2362 me

306 2417 416 2507 legisse
440 2438 504 2482 non
525 2415 669 2482 memini.
719 2415 802 2481 Fieri
825 2425 949 2503 potest,
974 2425 1010 2479 ut
1036 2436 1121 2480 vocc.
1146 2415 1207 2480 obi
1227 2437 1318 2480 nunc
1341 2415 1495 2506 originem

306 2535 433 2606 trahant
465 2559 483 2602 a
513 2556 601 2602 socc.
633 2542 673 2598 ot
697 2537 712 2598 i
734 2557 843 2612 runc,
868 2555 977 2600 rerum
1001 2546 1159 2623 praestare
1183 2533 1308 2602 ridetur
1333 2536 1446 2604 lectio:
1474 2535 1502 2602 Ι

262 2713 264 2720 .
307 2682 416 2738 nunc,
435 2657 566 2748 populi
579 2654 692 2743 fidem
717 2655 867 2748 implora
879 2677 892 2733 ,⁰
917 2654 1001 2744 quod
1025 2655 1140 2722 aeriter
1162 2668 1194 2723 et
1216 2655 1406 2724 mordaciter
1427 2656 1496 2722 dic-

307 2791 375 2846 tum
399 2789 456 2846 est.
504 2775 558 2844 Sic
581 2776 715 2864 legimus
740 2773 828 2863 Virg.
855 2772 937 2840 den.
963 2778 983 2839 9
1010 2797 1053 2841 rs.
1080 2778 1159 2842 634.

491 2895 506 2962 1
528 2917 615 2962 nunc
638 2906 669 2960 et
692 2892 794 2960 verbis
818 2894 966 2962 virtutem
989 2894 1087 2961 illude
1111 2895 1265 2986 superbis.

353 3017 425 3085 Lib.
451 3016 509 3084 Ν.
533 3040 578 3082 rs.
604 3019 683 3082 381.
733 3015 767 3094 1,
792 3037 926 3104 sequere
951 3014 1088 3082 Italiam.

228 3188 232 3198 .
354 3137 423 3204 Ius.
457 3141 497 3202 10
529 3159 574 3202 rs.
608 3139 685 3204 310.
734 3135 751 3201 Ι
778 3157 866 3202 nunc
897 3148 929 3202 ct
955 3136 1078 3204 iuvenis
1100 3139 1205 3228 specie
1227 3138 1345 3206 laetare
1368 3140 1427 3227 tui.
1453 3137 1496 3203 cf.

307 3280 401 3348 porro
433 3255 524 3326 ovid.
557 3255 633 3324 Met.
670 3260 722 3323 12.
757 3280 801 3323 rs.
836 3262 915 3337 475;
943 3257 1012 3323 Iun.
1038 3261 1071 3322 6.
1096 3279 1140 3322 ns.
1167 3261 1249 3336 3063
1274 3257 1369 3346 Prop.
1395 3263 1428 3323 3.
1456 3259 1497 3321 16

308 3403 340 3448 v.
376 3383 429 3447 tt.
461 3379 530 3445 Lir.
564 3382 585 3444 8
614 3401 643 3444 c.
676 3381 695 3443 7
729 3389 762 3443 et
796 3380 848 3443 19.
886 3375 963 3442 Seu.
997 3377 1127 3460 Quaest.
1160 3374 1235 3443 Nat.
1260 3377 1289 3442 Ι.
1314 3399 1343 3443 c.
1373 3380 1433 3455 16,
1458 3376 1498 3443 ad

309 3500 383 3568 llel.
423 3522 453 3566 c.
493 3503 513 3564 6
553 3510 585 3564 et
625 3501 680 3578 10;
721 3497 782 3586 ΕΡ.
819 3500 876 3562 88.
909 3493 1039 3562 Curtius
1071 3494 1143 3561 Lib.
1178 3494 1269 3564 Vlll.
1303 3520 1332 3562 c.
1370 3502 1384 3561 1
1417 3508 1497 3563 extr.

311 3619 340 3710 (1
367 3642 453 3686 nunc
484 3617 523 3683 ad
556 3616 739 3707 Philippum
768 3627 801 3684 ct
830 3616 1073 3683 Parmenionem
1096 3627 1129 3683 et
1151 3614 1319 3704 Attalum).
1367 3616 1421 3684 Sic
1442 3616 1500 3683 ha·

309 3741 420 3808 bemus
444 3737 532 3806 Suet.
559 3737 634 3805 Ner.
662 3760 690 3804 c.
717 3741 780 3804 35:
832 3736 908 3804 ltat
929 3758 1033 3815 nunc,
1057 3746 1171 3802 mater.
1198 3734 1272 3802 Seu.
1299 3759 1385 3803 cons.
1404 3737 1496 3804 Heln.

311 3861 381 3928 init.
430 3859 538 3924 ‹rlt'ut
573 3881 663 3924 nunc
688 3859 823 3946 uliquis
870 3856 928 3925 Sil.
959 3855 1015 3923 Xl.
1049 3879 1092 3922 vs.
1119 3859 1197 3923 392.
1246 3856 1322 3922 rar
1344 3857 1501 3948 improbe

315 3981 418 4048 Iuno.

359 4102 397 4169 In
427 4101 518 4191 epist.
553 4102 595 4166 at
628 4102 646 4185 §
679 4105 710 4166 3.
757 4098 874 4166 Scribit
905 4098 1042 4189 Lepidus
1067 4096 1235 4165 Ciceroni:
1286 4097 1448 4163 «Memini
1470 4110 1502 4164 et

313 4220 367 4288 illa
392 4221 572 4312 superiora,
597 4241 678 4310 quae
702 4218 756 4286 ahs
776 4231 831 4288 tua
854 4221 1016 4288 voluntate
1038 4220 1183 4310 profecta
1210 4230 1306 4296 sunt,
1332 4217 1371 4283 ad
1397 4241 1502 4285 meam

314 4340 500 4431 dignitatern
524 4341 700 4431 augendam
724 4352 755 4409 et
778 4341 970 4419 ornandam,
995 4363 1078 4429 quae
1102 4352 1256 4430 perpetuo
1280 4343 1397 4404 animo
1413 4340 1501 4428 fixo

316 4462 508 4528 manebunt.
558 4460 621 4528 tbs
648 4474 696 4542 te,
721 4463 766 4528 mi
790 4460 921 4541 Cicero,
944 4483 1136 4550 magnopere
1158 4472 1254 4549 peto,
1280 4460 1304 4526 si
1328 4483 1433 4528 meam
1455 4459 1502 4524 ri·

317 4596 383 4650 tem
413 4595 445 4649 et
472 4582 611 4649 studium
641 4582 878 4673 diligentissime
907 4580 1118 4672 superioribus
1148 4579 1343 4671 temporibus
1373 4580 1406 4644 in
1432 4601 1500 4668 rep.

319 4703 583 4782 administranda,
612 4725 701 4792 quoe
724 4703 857 4794 Lepido
881 4704 991 4793 digno
1014 4711 1116 4782 runt,
1140 4713 1303 4792 perspecta
1327 4699 1441 4778 habes,
1469 4712 1504 4766 ut
