3542 5492
849 413 1018 482 49,

267 626 336 670 mea
362 622 457 668 causa
483 600 601 678 facias,
626 597 681 664 sed
704 597 755 676 id,
782 595 866 686 quod
890 619 965 661 mea
988 593 1163 686 intelliges,
1188 608 1243 662 tna
1264 597 1394 662 nullam
1415 602 1454 662 in

267 733 407 814 partem
441 723 583 786 multum
607 725 798 796 interesse,
823 718 866 782 ita
890 717 969 783 mihi
988 716 1072 782 des»
1097 731 1159 787 cet.
1206 716 1270 785 lut
1292 719 1453 808 sequenda

271 857 333 909 erat
356 843 454 910 lectio
479 865 499 904 κ
509 865 578 908 mea
602 840 757 930 intelliges
781 840 948 920 multum,
974 852 1027 904 tua
1058 840 1181 908 nnllam
1202 842 1236 906 in
1258 852 1380 931 partem
1403 842 1453 906 in-

270 979 437 1042 teresse,›>
462 975 516 1029 aut
540 961 710 1051 legendum
733 959 850 1050 «quod
873 960 971 1049 [mea]
997 961 1176 1052 intelliges,
1200 976 1255 1028 tna
1274 962 1396 1029 nullam
1417 965 1452 1030 in

268 1100 394 1178 partem
416 1093 481 1150 aut
506 1107 572 1149 noo
595 1083 732 1150 multum
760 1083 954 1148 interesse.»
1001 1084 1081 1150 Vide
1104 1108 1155 1174 ep.
1174 1088 1210 1150 2:
1238 1083 1304 1152 «si
1326 1097 1381 1155 tua
1404 1086 1453 1152 ni·

270 1209 317 1275 hil
339 1220 393 1274 aut
417 1228 483 1274 non
506 1204 642 1270 multum
665 1205 798 1270 intersit.
831 1193 832 1200 ἵ

316 1329 352 1394 In
374 1352 427 1418 ep.
444 1331 463 1392 4
490 1329 507 1411 §
525 1332 562 1391 1:
591 1325 755 1405 «deinde,
782 1323 866 1414 quod
885 1347 1012 1407 summo
1030 1325 1132 1392 studio
1149 1327 1277 1418 populi
1304 1325 1454 1392 Romani

276 1473 294 1514 a
315 1451 417 1516 mein
445 1448 612 1513 consulatu
630 1469 700 1513 meo
725 1445 845 1512 defensi
868 1457 985 1510 sunt.»
1032 1445 1217 1536 Legendum
1244 1459 1290 1514 est
1314 1445 1456 1515 »Sena-

272 1581 327 1636 tus
351 1569 549 1659 Populique
573 1566 734 1633 Idumaei.
785 1564 1020 1646 conferantur,
1046 1591 1127 1656 quae
1150 1569 1255 1634 statim
1280 1581 1455 1657 sequuntur

269 1704 303 1757 et
329 1694 347 1774 §
374 1695 406 1756 3.
467 1689 573 1757 Etiam
597 1687 716 1777 aliquid
740 1687 935 1778 culpandum
957 1689 1060 1754 estin
1084 1691 1101 1774 §
1125 1693 1161 1756 4:
1197 1688 1455 1778 «sedquoniam

268 1809 353 1900 apud
376 1823 408 1875 te
430 1809 530 1876 nihilo
553 1810 658 1874 minus
689 1808 751 1874 hoc
782 1821 924 1898 tempore
954 1808 1058 1874 valere
1083 1831 1134 1875 me
1170 1810 1319 1888 confido,
1356 1834 1453 1899 quam

266 1931 424 1999 valuerim
443 1953 564 2019 semper
598 1927 681 2018 apud
706 1951 842 2007 omnes,
866 1942 1051 2018 prorostra
1078 1951 1200 1996 summa
1223 1931 1452 1998 necessitudine

265 2063 403 2142 -peto
424 2050 477 2118 abs
498 2063 545 2128 te,
571 2061 606 2115 ut
625 2062 717 2116 cet.»
765 2047 902 2115 Orellius
917 2072 1096 2139 proponens
1108 2050 1207 2142 apud
1221 2052 1323 2117 bonos
1340 2076 1453 2118 omnes

267 2197 335 2240 rem
359 2194 421 2238 acu
443 2193 508 2236 non
527 2171 641 2260 tetigit.
691 2169 875 2258 Legendum
898 2182 945 2237 est
969 2170 1083 2260 «apud
1106 2193 1215 2238 omnes
1235 2195 1344 2251 meos,
1370 2174 1456 2263 quod

268 2308 301 2360 et
334 2293 508 2360 sententiae
538 2292 637 2380 magis
662 2291 808 2357 convenit
834 2303 865 2356 et
898 2290 1021 2357 facilins
1044 2305 1168 2381 poterat
1195 2294 1299 2360 omitti
1330 2295 1371 2362 cf.
1398 2295 1454 2362 tl.

273 2438 325 2503 ep.
347 2419 389 2494 23
415 2413 506 2479 XIII.
531 2436 580 2502 ep.
599 2417 654 2478 32.
680 2415 718 2492 l,
743 2426 774 2479 et
797 2437 847 2502 ep.
872 2417 926 2478 49.

320 2533 357 2598 In
375 2540 456 2622 ep.9
484 2537 549 2618 32.
600 2533 762 2599 Eiicienda
786 2547 858 2599 sunt
882 2535 1036 2600 vocabula
1058 2535 1273 2622 Bithynicae
1300 2549 1373 2600 ante
1397 2559 1452 2600 so-

277 2658 417 2732 cietati,
453 2658 606 2719 societas
629 2666 699 2743 post
721 2675 832 2741 quae;
869 2665 939 2720 tum
970 2657 1008 2717 in
1032 2676 1074 2718 ea
1098 2658 1265 2719 societate
1288 2668 1358 2744 post
1391 2661 1454 2743 qui

273 2784 327 2840 est
342 2779 531 2863 maqister‚·
558 2773 825 2864 quemadmodum
847 2772 881 2838 in
905 2796 954 2863 ep.
971 2774 1012 2838 10
1038 2775 1056 2858 §
1079 2777 1098 2838 2
1123 2773 1300 2840 tollendum
1323 2788 1369 2842 est
1393 2775 1448 2842 M.

274 2894 484 2974 Terentius,
517 2917 591 2960 nam
614 2896 658 2960 sic
680 2918 745 2960 non
769 2895 846 2960 solet
872 2892 983 2960 Cicero
1008 2895 1041 2960 in
1065 2895 1213 2985 epistolis.
1262 2896 1324 2963 Sed
1348 2921 1452 2964 rerer·

269 3027 319 3079 tor
338 3015 377 3080 ad
403 3019 487 3105 ep.9
513 3018 530 3100 §
551 3019 590 3078 3:
626 3036 834 3102 «curesque,
859 3026 894 3078 ut
918 3014 984 3078 eius
1008 3036 1145 3103 operae,
1171 3015 1255 3104 quod
1279 3016 1338 3081 tibi
1360 3017 1452 3082 laoile

268 3136 355 3201 factu
375 3145 449 3215 est,
475 3158 571 3223 quam
595 3135 786 3222 gratissimae
810 3135 872 3198 sint
892 3133 1001 3212 sociis,
1014 3158 1035 3198 >s
1059 3147 1169 3202 contra
1192 3135 1453 3202 consuetudinem

270 3254 429 3322 Ciceronis
452 3255 568 3322 dicitur
590 3278 676 3320 nunc
704 3253 820 3342 «quod
852 3252 913 3317 tibi
935 3253 1026 3319 facilc
1049 3253 1137 3319 factu
1169 3263 1265 3321 est.»
1319 3254 1354 3319 Id
1375 3257 1452 3322 alibi

266 3375 384 3442 dicitur
408 3376 523 3465 «quod
544 3377 610 3442 sine
633 3389 688 3440 tua
708 3373 851 3440 molestia
859 3373 966 3461 fiat»
991 3386 1045 3440 aut
1069 3374 1184 3462 «quod
1206 3375 1371 3447 commodo
1395 3389 1450 3442 tuo

258 3497 362 3583 fiat»
387 3498 430 3566 cf.
454 3519 483 3561 e.
510 3519 540 3584 g.
571 3519 620 3585 ep.
647 3499 711 3574 35,
736 3519 787 3584 ep.
811 3498 851 3574 2,
884 3519 933 3584 ep.
960 3498 1022 3574 23,
1048 3519 1097 3585 ep.
1123 3498 1191 3575 26,
1227 3494 1315 3561 XIV.
1341 3519 1393 3586 ep.
1419 3501 1449 3562 5.

269 3617 374 3684 Etiam
393 3617 446 3684 hio
469 3614 639 3706 legendum
659 3618 728 3692 sit,
754 3637 828 3682 nam
849 3613 943 3702 quod
956 3615 1085 3703 ponitur
1104 3638 1161 3704 pro
1181 3616 1319 3705 quoad,
1341 3641 1450 3704 qaan-

273 3747 354 3803 tum.
404 3737 524 3804 Eadem
546 3737 703 3802 medicina
722 3748 793 3824 eget
817 3735 889 3800 Lib.
912 3734 998 3802 vul.
1022 3761 1071 3826 ep.
1092 3740 1111 3801 9
1137 3740 1155 3823 §
1178 3742 1207 3802 4.

314 3857 436 3924 IIaereo
460 3860 556 3924 etiam
579 3858 612 3922 in
636 3880 687 3946 ep.
711 3861 750 3920 10
776 3858 794 3941 3
818 3859 856 3934 l,
882 3856 935 3922 sed
959 3856 1089 3935 nescio,
1114 3858 1272 3946 quomodo
1304 3859 1391 3926 locus
1415 3863 1454 3927 sit

267 3977 487 4067 corrigendus:
514 3977 597 4044 «sed
620 4001 693 4044 cum
713 4013 757 4026 --
782 4001 799 4042 a
822 3999 873 4041 me
897 3976 1121 4057 contenderet,
1147 3991 1298 4068 utquam
1315 3981 1449 4071 diligen·

267 4099 386 4164 tissime
406 4100 595 4178 scriberem,
620 4100 730 4164 malui
751 4098 873 4176 facere,
900 4097 984 4186 quod
1004 4122 1094 4166 meus
1113 4099 1275 4167 familiaris
1297 4104 1378 4168 tanti
1397 4126 1453 4168 sua

268 4219 416 4286 interesse
437 4221 686 4289 arbitraretur.»
733 4218 895 4287 Nonnulla
917 4217 1011 4284 rerba
1038 4219 1152 4285 omissa
1174 4232 1258 4286 sunt.
1309 4223 1451 4292 Fortasse

267 4339 330 4406 tale
353 4340 429 4431 qnid
451 4341 527 4406 dixit
550 4340 675 4418 Cicero,
700 4339 799 4403 malui
823 4348 958 4404 mutare
978 4340 1299 4429 eonsilium,qrrom
1318 4368 1384 4409 non
1403 4346 1451 4410 la-

269 4484 343 4528 cere
367 4475 428 4526 cet.

315 4583 434 4673 up.1t
458 4585 522 4670 51:
548 4583 626 4648 «Ila
649 4605 696 4648 res
723 4605 741 4646 a
761 4581 921 4660 Volcatio,
948 4583 1010 4669 qui
1032 4579 1162 4652 Romae
1186 4585 1243 4645 ius
1264 4582 1379 4662 dicit,
1404 4608 1454 4651 re·

268 4707 352 4770 iecta
375 4706 408 4773 in
434 4703 569 4777 Galliam
592 4715 680 4770 est.»
728 4702 804 4772 Hoo
819 4726 893 4770 rcro
918 4703 1039 4772 Brutus*
1055 4703 1136 4771 bene
1164 4703 1295 4772 sciebat.
1342 4703 1455 4772 Contra

1197 4828 1215 4876 7
