3542 5492
848 444 889 504 43

275 633 408 724 ineptias
432 628 618 696 Ciceronem
649 627 831 694 addidisse?
888 629 1080 706 Miserrime,
1116 629 1222 694 statim
1250 627 1359 706 dices,
1395 627 1456 692 hoc

279 755 347 819 loco
365 752 465 817 oratio
486 749 727 839 interpolatione
749 750 907 816 funestata
932 760 989 815 est.
1038 748 1120 815 Setis
1142 761 1254 815 notum
1276 761 1323 816 est
1346 749 1396 816 rel
1419 773 1456 816 er

278 873 402 940 scholiis
426 871 624 950 Homericis,
650 893 730 961 quae
761 870 855 936 huius
883 871 929 936 rei
963 893 1056 960 saepe
1083 870 1204 937 iaciunt
1235 871 1454 950 mentionem,

275 994 361 1086 apud
381 995 555 1059 Homerum
580 992 724 1080 Ulyssem
750 991 877 1058 Troiae
899 1015 965 1057 esse
989 990 1212 1071 domitorem,
1236 1005 1272 1058 ut
1291 991 1368 1058 dicit
1394 993 1458 1059 Ho-

275 1116 396 1194 ratius,
423 1137 496 1180 cum
519 1111 599 1178 illud
612 1113 719 1195 Τροίης
744 1113 818 1193 ἱερὸν
842 1112 1012 1194 πτολίεθρον
1035 1110 1143 1194 ἔπερσε
1163 1114 1198 1178 in
1217 1113 1367 1180 Latinum
1391 1139 1457 1182 ser·

278 1259 403 1301 monem
428 1234 593 1300 convertit.
653 1232 724 1300 Non
756 1256 852 1322 urgeo
879 1231 1065 1299 Ciceronem
1096 1232 1239 1301 debuisse
1266 1233 1457 1303 dicereris

282 1356 497 1436 πτολίπορθον,
523 1376 597 1418 narn
620 1353 745 1418 etalii
767 1352 880 1416 eodem
904 1352 944 1418 ab
966 1353 1105 1420 Homero
1123 1355 1264 1445 epitheto
1282 1370 1455 1439 ornantur,

281 1477 333 1543 sed
354 1476 505 1542 hocloco
528 1473 608 1538 illud
626 1495 751 1561 prorsus
774 1474 918 1563 ineptum
936 1487 994 1540 est.
1046 1476 1170 1561 Quanto
1190 1477 1350 1544 efficacius
1368 1480 1457 1546 elau·

277 1597 363 1663 ditur
396 1595 548 1686 epistola,
584 1593 769 1659 scholastica
794 1593 855 1660 hac
890 1596 1093 1662 annotatione
1126 1596 1281 1664 liberata!
1337 1601 1457 1668 Eodem

278 1718 373 1785 modo
396 1715 567 1783 delendum
591 1715 689 1780 estin
711 1720 820 1804 epil
846 1717 863 1799 §
887 1719 901 1778 l
928 1716 1129 1782 Mutinensi
1150 1719 1273 1785 iubis:
1301 1722 1458 1812 «Fugisse

276 1841 362 1908 enim
380 1861 416 1905 ex
438 1838 559 1928 proelio
583 1837 784 1902 Mutinensi
805 1835 955 1902 dicuutur
970 1839 1124 1904 notissimi
1138 1840 1299 1906 latronum
1322 1842 1457 1910 duces.»

277 1960 439 2026 Admonet
459 1981 511 2024 me
533 1956 587 2023 hic
608 1957 720 2034 loeus,
750 1968 786 2021 ut
808 1957 941 2022 eandem
964 1958 1121 2024 medelam
1155 1960 1321 2028 adhibeam
1355 1963 1459 2031 Ovidii

276 2082 356 2148 Met.
384 2080 457 2146 VII.
483 2101 527 2144 vs.
545 2082 633 2156 191,
659 2077 715 2142 ubi
734 2077 778 2141 ita
802 2077 914 2142 Medea
937 2078 1097 2167 loquitur:

369 2199 488 2277 «Nor,
513 2198 580 2276 ait,
606 2197 726 2262 arcanis
750 2196 923 2277 fidissima,
948 2221 1093 2288 quaeque
1117 2201 1238 2271 diurnis

308 2348 313 2360 ⁸
371 2321 476 2387 Aurea
499 2341 573 2386 eum
596 2317 698 2382 Lana
722 2317 887 2384 succeditis
910 2319 1056 2409 ignibus,
1081 2334 1187 2403 astra,

372 2442 503 2530 Tuque,
528 2440 642 2529 triceps
654 2439 810 2519 Hecate,
836 2463 917 2530 quae
934 2442 1052 2532 coeptis
1076 2446 1201 2510 conseia
1224 2451 1336 2512 uostris

375 2561 610 2648 Adiutriaqae
627 2562 712 2625 renis
722 2609 732 2638 ‚
757 2569 948 2649 cantasqae
970 2575 1115 2650 artesque
1138 2588 1322 2653 magorum,

377 2683 523 2772 Quaeque
546 2703 674 2770 magos,
701 2679 826 2758 TeHus,
850 2680 1043 2770 pollentibus
1065 2681 1193 2748 instruis
1216 2684 1340 2766 herbis,

374 2804 574 2892 [duraeque
594 2811 628 2866 et
650 2804 746 2866 venti
767 2809 965 2889 montesque
986 2825 1171 2893 amnesque
1191 2806 1369 2895 lacasqae]

372 2924 476 3014 Hique
500 2946 607 2989 omnes
629 2945 818 3000 nemorum,
844 2922 948 3012 Diqne
978 2945 1086 2989 omnes
1109 2926 1210 2991 noctis
1233 2925 1358 2994 adeste:

377 3045 527 3133 Quorum
550 3065 631 3133 ope,
656 3064 730 3108 cum
754 3041 858 3119 solui,
883 3041 959 3130 ripis
982 3042 1169 3108 mirantibus
1190 3068 1308 3110 amnes

373 3166 412 3232 ln
434 3166 536 3231 fontes
563 3163 682 3229 rediere
702 3185 796 3241 suos,
821 3184 1036 3250 concussaque
1055 3164 1151 3242 sisto,

372 3287 495 3354 Stantia
519 3284 664 3350 concutio
688 3292 794 3348 canta
819 3282 923 3360 freta,
948 3281 1057 3346 nubila
1079 3283 1186 3372 pello,

372 3406 553 3495 Nubilaque
572 3403 708 3482 induco,
733 3412 851 3468 ventos
875 3403 1032 3493 abigoque
1054 3408 1218 3493 rbcoque,

376 3528 432 3617 [V
429 3533 569 3619 ipereas
588 3548 709 3615 rampo
729 3526 843 3590 verbis
867 3534 901 3589 et
924 3529 1078 3590 carmine
1088 3525 1234 3612 fauces]

374 3650 517 3739 Visaque
537 3670 608 3714 saxa
631 3669 687 3711 suo
711 3646 923 3734 convulsaque
942 3645 1054 3712 robora
1077 3660 1160 3714 terra

376 3771 416 3836 Et
436 3769 526 3834 silvas
549 3790 659 3833 moveo
683 3766 841 3854 iubeoque
863 3779 1050 3833 tremescere
1074 3778 1227 3850 montes,

376 3891 417 3956 Et
440 3889 562 3978 mugire
586 3887 688 3951 solum
710 3909 883 3974 manesque
906 3886 990 3952 exire
1013 3887 1197 3987 sepulchris.

380 4010 443 4098 [Te
462 4031 612 4097 quoqne,
626 4007 727 4072 Lana
742 4055 751 4086 ,
765 4008 888 4086 traho,
902 4011 1061 4095 quamvis
1076 4007 1261 4076 Temesaea
1286 4013 1420 4079 labores

375 4130 474 4197 Aera
494 4137 572 4193 taos
589 4131 767 4206 minuant,
786 4150 913 4192 carras
933 4151 1063 4216 qaoque
1081 4134 1235 4196 carmine
1255 4143 1374 4200 nostro

376 4249 497 4316 Pallet
520 4252 603 4328 avi,
621 4248 738 4338 pallet
762 4252 896 4313 nostris
917 4248 1061 4314 Aurora
1084 4251 1237 4339 venenis]

376 4370 485 4435 «Vos
503 4369 582 4436 mihi
607 4381 770 4434 taurorum
790 4368 934 4433 flammas
955 4366 1125 4434 hebetastis
1149 4384 1209 4436 cet.

332 4493 518 4557 Persuasum
541 4488 643 4556 habeo
666 4510 791 4566 versus,
828 4511 906 4577 quos
929 4487 1053 4554 uncinis
1075 4489 1212 4570 inclusi,
1237 4496 1357 4583 spurios
1381 4520 1463 4577 esse,

286 4635 423 4701 eosque,
449 4609 522 4700 qui,
548 4608 624 4698 quid
646 4609 794 4698 pulcrum
814 4609 872 4688 sit,
898 4608 1057 4688 sentiant,
1082 4609 1225 4691 habebo,
1251 4615 1363 4695 credo,
1385 4616 1465 4683 mihi

286 4723 504 4800 adsentientes.
562 4729 662 4815 Quam
691 4731 825 4820 turpiter
846 4730 1084 4819 interpolatores
1103 4744 1209 4822 poetas
1243 4737 1462 4825 corruperint,

1207 4854 1247 4908 Βῆ
