3542 5492
920 422 938 480 2

336 620 444 663 carum
475 612 604 678 natura,
638 603 797 692 totiusque
827 605 907 695 reip.
941 605 1211 673 administratione
1233 609 1363 697 eiusque
1387 609 1516 674 rationi·

334 717 393 784 bus
417 731 448 784 et
473 722 573 786 causis
597 721 786 788 absconditis
810 737 869 813 per
892 737 1033 815 tempora
1057 727 1236 815 gravissima
1258 728 1340 794 bene
1363 731 1515 818 cognitis,

333 837 418 903 baud
447 839 617 907 difficulter
646 843 766 922 multa,
800 867 880 933 quae
913 845 1052 934 alioquin
1081 846 1264 926 latuissent,
1294 850 1327 913 in
1352 859 1426 915 tota
1449 849 1515 914 his-

333 961 411 1025 toria
440 961 583 1026 Romana
608 963 698 1028 nobis
721 965 929 1030 revelabimus
954 979 1048 1056 atque
1073 967 1310 1033 illustrabimus.
1359 969 1409 1034 ld
1432 969 1514 1034 hanc

332 1080 520 1160 utilitatem,
546 1106 641 1172 quam
664 1106 777 1162 nemo,
804 1085 939 1151 cuiusvis
956 1087 995 1151 sit
1012 1088 1134 1175 generis
1153 1100 1184 1153 et
1202 1087 1338 1166 ordinis,
1362 1112 1514 1178 umquam

333 1214 515 1289 aspernatus
547 1215 612 1281 est,
644 1204 810 1294 peculiaris
840 1205 961 1271 accedit
989 1206 1185 1286 iucunditas,
1210 1209 1359 1297 quoniam
1383 1232 1420 1274 er
1443 1208 1515 1274 solis

333 1323 487 1411 epistolis,
514 1324 711 1413 praesertim
729 1347 765 1389 ex
799 1326 937 1414 epistolis
969 1327 1008 1390 ad
1032 1327 1193 1407 Atticum,
1219 1350 1369 1417 apparere
1391 1340 1512 1418 potest,

334 1444 409 1533 quid
441 1445 480 1529 de
508 1442 666 1510 Ciceronis
690 1444 908 1525 humanitate,
935 1459 1001 1513 arte
1024 1449 1159 1512 oratoria
1182 1462 1213 1514 et
1236 1448 1366 1538 politica
1389 1449 1428 1513 sit
1451 1461 1515 1513 sta·

331 1564 497 1630 tuendum.
546 1565 628 1632 Nam
662 1566 696 1630 in
732 1566 870 1655 epistolis
906 1567 986 1646 suis,
1023 1591 1100 1657 quas
1133 1568 1178 1632 in·
1202 1568 1306 1633 lucem
1337 1568 1514 1657 prodituras

332 1708 507 1774 numquam
538 1685 687 1775 suspicari
715 1687 839 1775 potuit,
869 1687 1058 1776 plerumque
1089 1688 1186 1752 animi
1215 1688 1364 1766 affectus,
1394 1690 1513 1778 cogita-

331 1807 431 1898 tiones
462 1818 493 1871 et
520 1806 648 1871 consilia
672 1805 778 1873 Attico
801 1828 857 1871 suo
880 1806 1005 1872 abunde
1027 1808 1177 1896 patefecit
1199 1819 1233 1872 et
1254 1819 1373 1872 ceteros
1397 1809 1513 1874 amicos

331 1950 395 1994 non
419 1927 543 1992 celavit.

217 2034 219 2042 l
309 2138 311 2143 Ι
377 2048 445 2113 Hae
478 2070 532 2112 res
557 2047 620 2112 iam
651 2046 726 2111 olim
758 2046 827 2112 ludi
856 2048 1019 2136 magistros
1046 2049 1177 2114 monisse
1199 2047 1365 2128 ridentur,
1391 2062 1512 2114 utnon

331 2169 421 2234 inriti
451 2191 488 2233 er
518 2168 555 2232 iis
586 2167 723 2257 epistolis
751 2166 919 2257 discipulos
949 2169 1091 2257 linguam
1119 2168 1265 2235 Latinam
1287 2169 1456 2248 docerent,
1481 2181 1513 2234 et

331 2301 438 2379 postca
472 2287 629 2376 hodieque
664 2289 855 2366 effecerunt,
894 2301 931 2353 ut
964 2289 1150 2354 nobilissimi
1183 2289 1354 2378 philologi,
1390 2311 1512 2353 summa

331 2410 481 2494 ἀγχινοίᾳ
515 2419 546 2474 ct
580 2408 712 2492 εὐςοχίᾳ
745 2408 899 2497 praediti,
936 2409 1085 2498 epistolas·
1115 2421 1264 2475 tererent¹
1282 2419 1448 2497 terantque
1480 2420 1513 2476 ct

331 2531 462 2597 abluant
484 2528 718 2595 immunditiem
740 2529 957 2596 multifariam.
1006 2529 1068 2596 Sed
1092 2543 1220 2610 tamen,
1240 2530 1315 2597 licet
1334 2543 1461 2597 strenue
1478 2533 1512 2596 in

330 2653 368 2718 iis
390 2649 560 2742 purgandis
581 2650 790 2729 elaborarint,
816 2651 1019 2716 vehementer
1041 2650 1223 2715 etiamnunc
1246 2663 1347 2716 tentus
1369 2652 1510 2728 laborat,

321 2772 418 2850 .,hiat,
450 2794 539 2837 aures
570 2769 718 2848 offendit,
754 2769 885 2834 vulnera
917 2792 1010 2834 omne
1041 2792 1139 2858 genus
1161 2770 1269 2837 habet.
1318 2772 1399 2836 Huic
1421 2769 1510 2834 labo·

332 2893 413 2960 tanti
443 2914 500 2981 pro
523 2902 612 2979 parte
636 2889 800 2956 subvenire
823 2887 967 2967 decrevi,
992 2901 1024 2954 et
1047 2889 1193 2955 indicabo
1218 2915 1298 2981 quae
1321 2893 1391 2982 plus
1414 2889 1511 2956 semel

331 3025 473 3103 suspecta
497 3011 688 3088 iudicabam.
737 3008 906 3075 Videamus
930 3010 969 3075 de
991 3010 1133 3099 singulis.

375 3135 506 3200 Initium
533 3131 648 3197 ducam
678 3155 715 3197 ex
748 3132 818 3196 Lib.
850 3131 877 3196 Ι.
904 3155 954 3222 ep.
982 3136 1013 3198 9.
1039 3135 1057 3218 §
1081 3136 1136 3198 21.
1186 3136 1451 3218 «Quamobrem,
1476 3146 1513 3197 ut

330 3257 425 3346 paulo
449 3267 521 3320 ante
542 3253 651 3344 posui,
676 3253 702 3317 si
725 3265 826 3318 essent
847 3254 953 3318 omnia
970 3254 1050 3317 mihi
1070 3251 1256 3316 solutissima
1275 3252 1307 3312 in
1328 3251 1509 3337 republica,

329 3398 393 3443 non
417 3376 496 3441 alius
519 3397 639 3452 essem,
665 3383 769 3460 atque
792 3396 880 3436 nuuc
905 3393 1016 3434 sum.»

377 3499 631 3583 Quotiescunque
661 3492 740 3558 haec
771 3491 864 3556 rerba
897 3491 1021 3578 relego,
1053 3489 1144 3554 toties
1176 3510 1263 3553 roco.
1294 3497 1399 3574 atque
1422 3511 1513 3552 nunc

330 3643 403 3684 sum
435 3614 514 3681 mihi
545 3627 617 3679 sunt
647 3612 822 3678 offensioni.
872 3610 996 3688 Verba,
1030 3633 1111 3699 quae
1134 3620 1254 3699 spectat
1279 3606 1409 3688 Cicero,
1434 3607 1513 3676 hacc

329 3751 421 3806 sunt:
471 3735 549 3801 «Ile
573 3757 636 3823 quo
659 3734 704 3798 sic
731 3731 824 3798 velim
848 3743 985 3809 statuas,
1010 3754 1061 3794 me
1084 3732 1169 3795 daec
1191 3730 1308 3795 eadem
1331 3752 1512 3794 scissuram

320 3861 462 3949 fuisse,
496 3857 521 3921 si
543 3853 623 3920 mihi
645 3853 768 3940 integra
791 3851 896 3916 omnia
920 3863 1015 3940 atque
1038 3851 1138 3916 libera
1157 3851 1326 3916 luissent.»
1363 3850 1512 3916 Videmus

329 3978 462 4046 eandem
502 3975 689 4043 sententiam
727 3972 775 4037 his
806 3972 908 4037 verbis
937 3973 1106 4052 contineri,
1140 3973 1193 4038 sed
1223 3972 1330 4037 dedisse
1363 3973 1512 4036 alterum

328 4100 509 4165 membrum
541 4092 795 4183 comparationis3
827 4092 912 4180 quod
942 4093 1071 4158 fortasse
1097 4092 1131 4157 in
1156 4092 1216 4179 hac
1239 4093 1394 4159 sententia
1417 4091 1512 4181 paulo

325 4222 431 4285 minus
454 4217 723 4306 improbaremus,
750 4235 843 4301 quam
868 4213 901 4276 in
924 4213 979 4277 illa
1002 4213 1246 4303 improbandum
1269 4227 1326 4280 est.

374 4337 558 4406 Sufficiebat
581 4333 726 4400 videlicet
751 4331 900 4398 Romanis
924 4336 1020 4399 alius
1040 4359 1132 4410 sum,
1158 4359 1217 4401 nec
1236 4335 1379 4401 solebant
1399 4333 1512 4400 addere

328 4460 468 4550 aliquid,
504 4456 586 4547 quod
618 4452 795 4520 debilitaret
826 4455 1025 4547 sententiam.
1073 4456 1180 4521 Alius
1212 4479 1284 4520 sum
1317 4454 1398 4521 nihil
1425 4449 1510 4517 aliud

329 4581 504 4672 significat,
535 4599 630 4666 quam
664 4575 855 4640 contrarium
886 4576 974 4656 eius,
1001 4574 1085 4666 quod
1109 4576 1184 4641 dicit
1210 4573 1320 4642 Cicero
1343 4577 1377 4640 in
1400 4574 1509 4640 Plano.

329 4727 358 4770 c.
386 4707 440 4769 38.
468 4703 485 4784 §
513 4704 567 4764 93.
592 4720 614 4764 e<
625 4696 715 4761 idem
740 4719 833 4774 suan,
858 4701 920 4784 qui
934 4697 1000 4784 fui
1022 4719 1156 4794 semper
1176 4710 1207 4764 et
1230 4696 1261 4762 ll
1280 4696 1369 4760 Verr.
1396 4697 1411 4758 1
1436 4697 1454 4778 §
1478 4697 1513 4762 2.
