3542 5492
862 425 882 484 9

278 616 399 691 enitor,
433 624 469 678 ut
499 632 603 700 neque
635 611 743 680 amieis
773 629 878 697 neque
905 607 1001 678 etiam
1024 605 1228 672 alienioribus
1250 627 1362 694 opera,
1386 628 1464 674 eon·

279 734 366 811 silio,
391 731 500 798 labore
522 731 621 800 desim
631 753 666 810 ,»
689 730 732 798 cl.
758 728 796 794 ad
821 727 888 793 ltt.
913 727 941 792 1.
966 749 1016 815 ep.
1042 729 1062 792 6
1085 726 1157 792 init.

322 854 361 920 In
394 851 534 941 Epistola
565 850 622 916 VI.
656 851 675 934 Ι
701 855 735 929 3;
763 847 971 936 «complures
992 847 1028 911 in
1049 845 1286 936 perturbatione
1308 847 1462 936 reipubli-

278 997 333 1042 cae
364 971 507 1040 consules
537 969 633 1049 dicti,
667 991 803 1058 quorum
830 990 923 1034 nemo
952 966 1124 1034 consularis
1154 965 1299 1045 habitus,
1324 968 1385 1034 uisi
1406 969 1463 1057 qui

278 1095 384 1160 animo
407 1092 523 1161 exstitit
546 1091 579 1158 in
602 1089 832 1180 rempublicam
851 1088 1046 1156 consulari.»
1081 1088 1231 1156 limatum
1249 1089 1348 1154 estin
1367 1087 1463 1155 verbo

278 1214 456 1281 eonsules:
485 1234 560 1278 nam
589 1211 624 1276 in
654 1210 710 1276 tali
736 1210 931 1300 oppositione
953 1208 1120 1276 verborum
1144 1209 1261 1274 dicere
1283 1221 1316 1314 σῖ
1336 1210 1462 1275 habere

277 1335 362 1400 idem
384 1355 507 1422 semper
528 1331 701 1422 praedicati
724 1351 859 1409 nomen,
885 1329 970 1420 quod
983 1341 1133 1407 vocatur,
1156 1329 1312 1397 adiicitur.
1337 1329 1463 1400 Debent

277 1455 373 1544 igitur
403 1454 474 1520 loco
506 1451 635 1518 laudato
663 1451 722 1519 sibi
748 1451 884 1518 invicem
914 1450 1103 1542 respondere
1125 1452 1317 1540 complures
1341 1469 1462 1518 corsu-

276 1595 381 1645 ursrs
410 1574 502 1641 dicti
526 1586 558 1643 et
589 1596 684 1640 nemo
716 1591 919 1640 coasusrnrs
949 1573 1090 1639 totitas
1119 1571 1232 1642 eodem
1258 1571 1373 1650 modo,
1398 1593 1462 1660 qno

276 1708 322 1766 est
352 1696 386 1762 in
420 1696 481 1785 up.
515 1694 553 1760 ad
575 1693 648 1760 frat.
675 1693 700 1762 Ι.
725 1716 777 1782 ep.
806 1694 838 1758 1.
861 1714 891 1757 o.
921 1693 961 1760 10
987 1694 1004 1776 §
1029 1695 1069 1760 31
1096 1704 1289 1782 «parentem
1314 1690 1407 1761 Asiae
1430 1704 1463 1760 ct

275 1815 350 1884 dici
379 1827 410 1881 et
442 1815 565 1884 heberi
591 1813 703 1882 velis.»
750 1811 832 1892 Sed,
863 1811 949 1901 quod
979 1809 1133 1890 ibimus,
1156 1811 1253 1878 etiam
1274 1812 1373 1901 magis
1396 1824 1465 1880 stu-s

274 1937 366 2002 biliet
392 1935 475 2002 Phil.
509 1937 582 2002 vll.
614 1940 631 2022 §
662 1941 703 2011 5,
737 1933 887 2023 quoniam
909 1932 1030 2002 dictum
1055 1945 1101 2002 est
1123 1933 1234 2001 codem
1256 1933 1355 2001 ferme
1379 1945 1462 2000 tem·

276 2077 364 2145 pore.
413 2053 530 2122 Scribit
551 2053 661 2126 Cicero
685 2055 758 2122 «ltt
781 2052 910 2142 quidem
933 2051 1121 2132 dicantur,
1143 2053 1196 2121 rel
1217 2055 1321 2143 potius
1345 2053 1462 2144 seipsi

276 2174 398 2240 diceret
430 2193 659 2254 corsuum,
692 2197 754 2263 quo
785 2173 915 2240 nomine
944 2172 1057 2262 dignus
1084 2185 1132 2243 est
1162 2196 1277 2253 eremo,
1302 2177 1377 2240 cisi
1398 2177 1462 2262 qui

276 2299 372 2360 tanti
401 2297 544 2364 honoris
574 2317 693 2360 nomen
709 2303 830 2386 potest
852 2298 1068 2370 sustinere.»
1091 2293 1165 2364 coll.
1191 2293 1274 2360 Phil.
1300 2295 1328 2360 Ι.
1354 2296 1371 2378 §
1401 2297 1456 2374 lt;

276 2415 315 2482 ad
348 2418 415 2486 Att.
448 2416 473 2484 l.
499 2439 550 2507 ep.
578 2418 618 2482 15
644 2419 662 2502 §
691 2417 721 2482 1.
771 2416 864 2488 Tusc.
890 2415 977 2505 Disp.
1004 2416 1043 2479 V.
1070 2422 1087 2502 ς
1112 2419 1131 2484 Ι
1156 2427 1189 2480 et
1210 2419 1242 2480 8.
1267 2413 1349 2505 Nep.
1373 2415 1456 2482 Milt.

276 2557 306 2602 o.
339 2539 359 2600 8
393 2537 412 2619 §
441 2541 474 2602 3.
523 2537 568 2604 Ex
590 2535 660 2604 loco
683 2537 831 2602 orationis
855 2535 1050 2625 Philippicae
1073 2535 1106 2604 iu
1129 2547 1278 2625 promptu
1300 2547 1347 2604 est
1370 2534 1460 2603 Cice·

276 2676 385 2720 renem
409 2653 563 2745 scripsisse
586 2656 788 2722 consulares
799 2703 809 2734 ‚
833 2677 898 2720 non
922 2657 1092 2723 consules.

320 2775 464 2864 Excipiet
494 2775 579 2842 huno
606 2773 713 2842 locum
737 2800 787 2868 ep.
816 2779 836 2842 8
861 2778 879 2861 §
909 2779 939 2846 l.
988 2775 1093 2842 «Nou
1115 2777 1201 2842 cuim
1217 2780 1458 2868 praeteritam

273 2896 409 2988 σαῖρασι
433 2894 531 2962 rideri
554 2896 625 2963 solo
648 2897 853 2964 redemisse.»
900 2896 936 2965 si
957 2897 1132 2966 iudicatum
1156 2899 1217 2965 erit
1238 2897 1370 2966 meridie
1392 2921 1458 2964 non

272 3015 397 3094 lucere,
433 3019 568 3104 poterit,
609 3018 738 3106 opinor,
773 3016 836 3084 diei
871 3018 975 3108 σαῖρα
1000 3023 1229 3108 praeteritur
1261 3041 1319 3108 pro
1352 3020 1458 3108 σαῖρα

276 3139 501 3202 committitur
528 3135 579 3204 rel
605 3137 709 3225 potius
732 3137 875 3224 aliquid
893 3142 1122 3206 committitur
1145 3141 1268 3230 σαῖρα,
1293 3146 1330 3207 ut'
1352 3151 1400 3206 est
1421 3140 1457 3205 in

273 3255 343 3322 Lib.
369 3256 425 3324 lv.
450 3279 502 3345 ep.
527 3259 542 3320 l
564 3269 595 3322 et
618 3256 702 3326 xlv,
723 3280 772 3347 ep.
798 3260 813 3321 l
839 3260 857 3343 §
881 3260 912 3324 1.
949 3257 1130 3328 indubitate
1149 3259 1265 3328 dicitur
1283 3261 1457 3331 «officium

266 3381 494 3466 praeteritur
525 3378 645 3468 σαῖρα,
678 3389 714 3444 ut
740 3377 894 3444 habemus
917 3378 950 3444 in
973 3403 1024 3470 ep.
1051 3385 1090 3459 1,
1115 3380 1169 3449 sed
1192 3382 1328 3472 σαῖρααι
1344 3404 1456 3472 prae-

274 3501 382 3564 teriri
415 3499 459 3564 sic
492 3496 556 3563 dici
587 3498 710 3587 nequit.
760 3497 905 3566 Alterum
938 3513 1158 3589 argumentum
1190 3501 1229 3566 ad
1259 3502 1455 3591 probandam

273 3618 384 3686 falsam
415 3618 583 3686 lectionem
615 3618 711 3684 etiam
741 3620 807 3708 peti
833 3632 936 3709 potest
964 3643 1000 3685 ex
1029 3643 1088 3686 usu
1115 3621 1317 3711 quotidiano,
1342 3625 1400 3711 qui
1420 3625 1454 3690 in

272 3739 430 3829 epistolis,
467 3761 543 3827 quas
577 3739 692 3802 verbis
723 3739 944 3826 quotidianis
977 3749 1093 3807 texere
1125 3741 1267 3808 solebant
1299 3742 1451 3824 Romani,

272 3857 426 3928 Cicerone
466 3870 565 3938 teste,
598 3859 730 3926 minime
763 3871 810 3926 est
843 3859 1061 3950 negligendus.
1122 3860 1159 3927 ln
1193 3862 1257 3928 rita
1292 3866 1454 3932 communi

270 3982 406 4073 σαῖρσσι
436 3980 607 4048 redimere
637 3978 722 4048 idem
745 3980 889 4060 valebat,
914 3980 999 4069 quod
1022 3981 1169 4050 solemnis
1191 3982 1327 4050 formula
1342 4008 1454 4074 proe-

270 4105 381 4168 terita
403 4109 563 4184 mutere,·
588 4101 673 4190 quod
697 4125 729 4171 se
751 4101 862 4192 procul
885 4100 1032 4169 habuisse
1055 4114 1188 4168 testatur
1209 4103 1354 4172 Plancus.
1403 4104 1450 4172 of.

269 4235 301 4293 et
333 4221 423 4292 caes.
450 4222 486 4288 B.
512 4222 551 4290 G.
577 4222 604 4288 1.
632 4245 660 4292 c.
688 4226 730 4292 20
754 4234 786 4290 et
814 4221 880 4292 Cic.
905 4223 944 4290 ad
967 4224 1043 4290 fam.
1071 4223 1150 4301 vll,
1176 4227 1219 4288 28
1245 4225 1263 4307 §
1289 4229 1321 4291 3.
1370 4223 1452 4294 Satis

269 4343 325 4409 diu
355 4344 671 4433 interpretamentum
701 4342 807 4409 locum
826 4343 964 4414 obtinuit
985 4344 1019 4408 in
1045 4346 1063 4428 §
1091 4348 1157 4410 42»
1190 4343 1355 4410 Munieudi
1378 4370 1451 4412 rero

268 4476 391 4534 nosmet
418 4464 478 4553 ipsi
505 4464 622 4532 fuimus
652 4477 744 4531 aucto
769 4466 909 4536 exercitu
930 4464 1117 4554 auxiliisque
1139 4464 1369 4554 multiplicatis3
1396 4481 1449 4545 ut,

269 4605 368 4675 quum
398 4584 626 4674 praeferremus
653 4608 760 4655 semus
787 4594 930 4677 aperte,
959 4598 1029 4652 tum
1060 4586 1157 4652 etiam
1186 4586 1292 4652 inritis
1321 4587 1454 4675 quibus-

268 4703 363 4788 dam,
399 4707 488 4786 sciri,
525 4705 600 4795 quid
635 4704 794 4778 defensuri
827 4729 981 4786 essemus,
1017 4730 1081 4775 non
1116 4717 1196 4774 esset
1226 4706 1456 4795 pertensium.

1192 4829 1209 4879 a
