3542 5492
880 438 1025 514 44,

309 620 489 707 nuperrime
511 620 550 686 de
574 620 721 698 Horatio,
747 621 908 709 Propertio
934 619 1109 709 Oridioque
1132 621 1383 691 demonstratum
1401 617 1488 686 dedit

311 739 491 829 Gruppius;
530 762 624 829 quam
654 738 738 805 male
768 739 917 830 descripti
949 741 1035 819 sint,
1059 741 1173 807 millies
1203 741 1319 831 patuit.
1378 740 1489 829 Nuper

309 859 390 926 mihi
412 861 509 926 freter
529 861 759 926 amantissimus
784 861 869 927 misit
892 862 972 927 mihi
998 863 1187 952 particulam
1208 861 1416 951 manuscripti
1432 859 1489 926 de·

308 981 425 1070 perditi
449 980 606 1048 Oridiani.
645 981 778 1047 Videtur
796 982 891 1047 fuisse
907 983 980 1048 satis
1001 984 1149 1072 antiquus
1167 983 1222 1049 ille
1238 981 1346 1049 codex..
1386 983 1489 1067 Quare

308 1100 397 1166 lubet
420 1123 594 1190 paucorum
623 1101 738 1167 horum
766 1125 912 1169 versuum
939 1104 1038 1196 varias
1064 1103 1214 1171 lectiones
1236 1103 1289 1169 hic
1312 1102 1489 1169 eommuni-

308 1243 397 1288 care:
433 1234 506 1288 sunt
529 1222 617 1288 Libri
647 1223 748 1289 octavi
775 1247 818 1289 rs.
850 1228 1029 1291 670-682
1061 1238 1093 1291 et
1126 1226 1160 1289 in
1187 1226 1285 1291 altera
1318 1237 1408 1314 parte
1444 1247 1488 1289 rs.

310 1345 500 1413 698-704.
548 1344 586 1409 In
617 1367 660 1408 va.
680 1346 744 1410 670
769 1345 853 1409 varia
876 1345 971 1410 lectio
991 1357 1047 1410 est.

512 1462 628 1528 Pocula
652 1484 717 1550 que
736 1485 812 1530 cara
831 1475 905 1528 sunt
919 1437 1103 1547 fientibus
1122 1464 1202 1530 illita
1222 1465 1310 1530 ceris.

310 1583 397 1649 Inter
430 1608 474 1649 rs.
501 1587 566 1651 673
587 1596 619 1650 et
640 1588 705 1650 679
729 1584 861 1650 omissae
885 1597 958 1650 suut
982 1598 1117 1674 quatuor
1139 1585 1293 1675 regulae,
1317 1583 1372 1651 sed
1404 1583 1491 1650 adest

310 1705 434 1793 signum
457 1677 651 1786 omissionis3
678 1706 711 1770 in
735 1729 779 1771 rs.
802 1707 866 1771 679
891 1705 1007 1795 legitur

495 1826 619 1892 Interea
642 1827 847 1890 exhaustum
877 1830 1008 1891 tociens
1036 1838 1157 1891 cratera
1179 1827 1294 1916 repleri

309 1959 341 2014 et
366 1948 400 2012 in
423 1971 467 2012 rs.
490 1950 575 2012 782:
602 1945 770 2012 Polemon
793 1969 849 2036 pro
873 1945 1067 2012 Philemon.
1116 1947 1155 2012 In
1179 1972 1222 2014 rs.
1245 1952 1311 2013 698
1335 1946 1452 2036 legitur

477 2067 633 2154 Dumque
656 2091 693 2132 ea
716 2067 889 2145 mirentur,
913 2065 991 2132 dum
1015 2046 1243 2156 defflent'fate
1263 2090 1392 2132 suorum

314 2211 355 2254 rs.
379 2193 454 2254 701.
481 2187 639 2254 Stramina
659 2188 831 2254 flavescunt
856 2196 1050 2275 ornatoque
1069 2211 1241 2252 marmore
1265 2191 1370 2253 tellus

482 2305 666 2396 Celalequc
688 2310 770 2374 fores
790 2308 1004 2399 adopertaque
1028 2317 1121 2373 tecto
1140 2308 1317 2374 videntur.

358 2429 438 2494 Tum
459 2429 612 2518 repetitur
635 2453 677 2494 rs.
691 2432 757 2494 682
780 2441 812 2494 et
834 2453 876 2494 rs.
891 2434 956 2494 703
973 2441 1005 2495 et
1025 2432 1090 2494 704
1114 2429 1159 2493 sio
1181 2428 1297 2495 habet:

494 2550 581 2615 Talia
605 2573 678 2616 oum
695 2549 820 2640 placido
843 2549 1010 2617 Saturnius
1033 2548 1131 2616 edidit
1154 2573 1207 2616 ore

491 2671 630 2736 Discite
652 2671 733 2736 iuste
752 2694 845 2738 senex
869 2683 900 2736 et
919 2671 1045 2738 laminae
1061 2671 1195 2759 coniuge
1217 2672 1311 2737 iusto.

358 2794 464 2859 Potest
488 2813 551 2856 una
574 2791 668 2856 lectio
688 2791 777 2855 nobis
809 2792 879 2855 usui
902 2814 968 2856 esse
991 2792 1025 2855 in
1046 2788 1211 2856 Ciceronis
1233 2790 1273 2856 de
1297 2790 1371 2858 Nat.
1397 2793 1491 2861 Deor.

314 2919 377 2980 c.3
404 2915 421 2998 §
442 2917 478 2978 6:
504 2909 620 3002 «quod
643 2923 675 2976 et
694 2910 850 2976 orationes
873 2909 1055 2988 declarant,
1079 2910 1213 2977 refertae
1235 2911 1494 3004 philosophorum

312 3035 472 3100 sententiis
492 3046 524 3100 et
545 3031 798 3096 doctissimorum
815 3030 980 3097 hominum
1003 3032 1253 3112 familiaritates,
1270 3035 1386 3122 quibus
1408 3060 1492 3102 sem·

312 3179 369 3247 per
388 3155 500 3219 domus
530 3164 635 3217 nostra
654 3152 798 3241 floruit.
811 3177 832 3217 >r
880 3151 1020 3219 offendit
1046 3176 1115 3221 roc.
1146 3154 1299 3239 floruit:
1320 3156 1354 3221 in
1388 3171 1494 3224 nostro

207 3362 209 3366 Ι
313 3274 528 3363 manuscripto
560 3295 618 3361 pro
641 3272 860 3361 flaventibus
891 3271 1007 3371 legitur
1020 3246 1215 3357 firmatibus.
1274 3273 1312 3337 ln
1341 3271 1493 3342 Cicerone

313 3396 487 3486 praeferam
499 3393 612 3480 fovit.
661 3391 723 3460 Sed
747 3392 839 3458 redeo
864 3391 903 3455 ad
926 3391 1082 3479 epistolas.

360 3518 397 3582 ln
420 3539 471 3605 ep.
492 3518 532 3579 18
561 3513 632 3578 init.
659 3512 807 3601 legimus:
833 3512 949 3600 «ipse,
973 3524 1009 3577 ut
1033 3535 1142 3602 spero,
1174 3512 1284 3580 diebus
1306 3527 1395 3593 octo,
1420 3517 1493 3604 qui·

314 3640 372 3703 bus
395 3637 450 3702 has
473 3634 592 3698 litteras
623 3631 761 3712 dabam,
795 3656 868 3698 cum
900 3633 1012 3722 Lepidi
1041 3635 1138 3724 copiis
1174 3658 1226 3699 me
1256 3637 1492 3725 coniungam.»

313 3760 373 3825 Pro
398 3779 448 3820 me
464 3754 572 3819 malim
598 3777 703 3820 meos.

359 3875 508 3943 Abundat
530 3897 646 3942 nomen
672 3876 753 3939 belli
775 3876 808 3939 in
835 3898 886 3964 cp.
913 3878 953 3939 19
975 3878 1047 3960 §2z
1072 3873 1190 3954 «Sed,
1215 3877 1261 3941 mi
1284 3877 1417 3958 Plance,
1442 3880 1492 3944 in-

314 3999 451 4076 cumbe,
472 4007 508 4062 ut
532 3996 614 4060 belli
635 4007 772 4062 extrema
795 3995 941 4085 perficias
964 3995 1005 4060 cf.
1031 4019 1082 4084 ep.
1109 4001 1149 4062 13
1165 4008 1197 4062 ct
1217 4001 1270 4062 14.

358 4121 397 4185 ln
420 4141 470 4207 ep.
486 4121 529 4182 20
554 4119 625 4201 §22
652 4116 775 4181 «Nunc
800 4139 871 4182 rero
896 4120 1002 4180 etiam
1026 4120 1096 4180 iam
1119 4117 1231 4182 erroris
1254 4139 1348 4182 causa
1371 4118 1493 4184 sublata

314 4253 404 4307 est.»
452 4238 522 4303 Dici
545 4237 610 4302 sine
634 4235 731 4302 dubio
754 4248 856 4325 potest
881 4240 952 4301 iam
980 4241 1106 4315 etiam,
1134 4237 1188 4302 sed
1218 4237 1297 4304 haee
1320 4237 1416 4304 dictio
1440 4263 1494 4306 ex-

315 4359 414 4428 cludit
438 4381 549 4436 nunc,
582 4380 673 4447 saepe
707 4355 823 4422 dicitur
854 4381 973 4422 ‹rnunc
998 4381 1129 4446 quoquc
1162 4362 1283 4438 iam,»
1318 4360 1372 4427 sed
1400 4362 1494 4451 longe

315 4483 376 4548 alio
399 4501 502 4544 sensu.
552 4479 704 4546 Eiioiatur
723 4501 797 4566 ergo
820 4482 903 4545 iam.

362 4603 432 4668 Alia
456 4599 585 4690 praebet
611 4623 661 4690 cp.
685 4603 750 4676 21,
787 4600 876 4665 cuius
902 4603 919 4683 §
949 4603 964 4663 1
1001 4599 1080 4664 haec
1112 4599 1227 4667 habet:
1266 4603 1368 4669 «Non
1402 4600 1494 4667 licuit

317 4724 433 4790 diutius
458 4721 539 4787 bene
563 4720 601 4786 de
627 4744 664 4786 eo
689 4743 855 4808 sperare.»
905 4718 1075 4788 Contertus
1098 4722 1219 4811 flagitat
1244 4746 1309 4787 non
1332 4724 1435 4804 bene;
1461 4723 1508 4789 in‘
