3542 5492
878 443 920 505 54

670 655 774 720 ¹liber
799 655 951 744 Quintus
971 657 1146 722 decimas,

348 867 461 936 Seusui
485 880 577 933 nocet
600 868 633 931 iu
653 891 703 956 ep.
723 873 733 932 l
765 871 818 952 §3
843 891 912 934 voc.
935 867 1056 933 cedere
1075 870 1108 932 in
1131 869 1197 934 his:
1222 891 1241 931 a
1254 870 1295 934 Et
1315 881 1350 934 ut
1366 869 1392 933 is
1410 869 1486 934 hos·

301 991 360 1067 tis,
387 990 442 1077 qui
466 1000 548 1055 esset·
575 988 609 1052 in
643 986 732 1076 Syria
744 1037 753 1066 ,
791 989 883 1054 sciret
916 989 1088 1054 exercitum
1109 989 1221 1079 populi
1255 989 1391 1055 Romani
1420 1013 1484 1054 non

299 1109 392 1174 modo
417 1132 480 1174 non
513 1108 633 1173 cedere
663 1108 700 1172 iis
721 1109 845 1173 nunciis
877 1108 1003 1187 allatis,
1040 1107 1094 1175 sed
1118 1109 1213 1174 etiam
1236 1110 1364 1198 propius
1387 1132 1484 1174 acce·

300 1229 393 1297 dere.
407 1254 429 1292 >›
487 1228 595 1295 Lectio
618 1227 739 1292 cedere
763 1227 958 1317 repudianda
989 1242 1058 1306 est,
1090 1229 1241 1317 quoniam
1272 1229 1365 1318 louge
1397 1230 1484 1294 aliud

299 1349 478 1438 significat,
503 1371 599 1436 quam
623 1347 707 1437 quod
726 1347 788 1413 hoc
811 1349 880 1413 loco
904 1347 1140 1428 desideramus,
1164 1373 1279 1438 nempe
1298 1350 1481 1428 recedere,

299 1470 338 1533 of.
365 1469 454 1535 VIII.
480 1473 586 1559 ep.10
611 1472 675 1554 §L

346 1590 409 1678 Ep.
430 1593 450 1654 4
483 1592 500 1674 §
522 1595 558 1654 4:
593 1613 711 1678 «reges
735 1587 831 1655 habet
854 1590 1029 1668 finitimos,
1055 1592 1111 1679 qui
1134 1591 1256 1656 etiamsi
1280 1605 1352 1657 suut
1377 1595 1482 1656 etiam

299 1711 392 1796 amici
415 1710 524 1788 nobie,
557 1722 663 1775 tamen
696 1723 802 1800 aperte
831 1710 953 1776 Parthis
980 1711 1101 1776 iuimIci
1133 1735 1198 1776 esse
1230 1735 1293 1777 nou
1319 1712 1482 1778 audent.»

299 1831 462 1896 Ernestius
487 1831 572 1895 ciIcit
593 1834 715 1905 etiam,
742 1829 878 1896 OrelIius
910 1834 998 1895 clam
1017 1831 1154 1919 praefert
1169 1849 1184 1895 ε·
1215 1832 1362 1921 equidem
1392 1832 1477 1898 malo

297 1955 335 2014 in
357 1954 426 2014 otio
450 1952 471 2016 i.
500 1975 528 2015 e.
553 1951 586 2014 in
609 1973 699 2039 pace.
748 1951 786 2016 In
807 1955 824 2036 §
843 1955 880 2016 8:
908 1953 1077 2017 «Eranam
1096 1967 1146 2000 ¹——
1166 1990 1211 2000 -
1233 1975 1269 2017 ex
1293 1953 1482 2018 antelucano

295 2085 437 2162 tempore
469 2094 569 2160 usque
593 2071 632 2135 ad
655 2071 767 2136 horam
791 2072 856 2137 diei
879 2072 1035 2138 decimam
1057 2110 1103 2122 -
1121 2111 1166 2121 —
1186 2074 1371 2162 cepimus.»
1419 2073 1484 2138 De·

297 2167 369 2257 sunt
391 2192 461 2272 hic,
487 2215 618 2281 «quum
647 2205 726 2258 esset
748 2205 970 2281 pugnatum.»
1028 2193 1064 2258 In
1089 2199 1106 2280 §
1130 2196 1190 2258 12:
1226 2217 1275 2258 «a
1299 2218 1350 2259 me
1375 2206 1482 2259 autem

295 2313 374 2378 haec
399 2324 471 2377 sunt
494 2313 658 2402 proiecta,
683 2350 785 2362 --
804 2325 839 2377 ut
862 2314 1143 2402 praestantissimas
1167 2326 1236 2378 tuas
1259 2314 1389 2379 virtutes
1417 2338 1481 2379 uon

296 2434 410 2498 tacitus
434 2431 637 2496 admirarer»
663 2445 726 2497 cet.
788 2435 988 2522 Quamquam
1017 2420 1114 2498 ctiam
1149 2434 1216 2498 aliis
1250 2435 1284 2499 in
1306 2433 1367 2499 hac
1390 2458 1483 2524 para·

296 2553 416 2642 grapho
441 2575 532 2640 aegre
562 2574 673 2631 careo,
698 2565 804 2648 tamen
828 2555 964 2644 maxime
988 2555 1133 2642 requiro:
1169 2567 1273 2620 «sunt
1297 2559 1336 2619 ia
1357 2563 1391 2619 te
1413 2579 1484 2645 pro·

295 2675 409 2740 fecta»
437 2673 476 2737 cs.
502 2671 543 2738 II.
571 2695 621 2762 ep.
645 2676 685 2738 19
711 2676 728 2758 §
751 2678 793 2754 2;
821 2674 880 2740 III.
908 2699 958 2764 ep.
984 2682 999 2739 1
1028 2677 1046 2759 ὃ
1074 2680 1109 2754 13
1137 2675 1176 2740 V.
1203 2699 1254 2764 ep.
1278 2681 1297 2739 5
1323 2678 1341 2760 §
1363 2680 1395 2741 2.
1445 2676 1484 2741 In

297 2797 396 2880 §142
430 2790 523 2857 «Sed
546 2792 609 2858 tale
640 2805 735 2880 atque
762 2807 911 2872 tantum,
937 2807 973 2858 ut
995 2794 1088 2859 multi
1119 2818 1323 2884 nequaquam
1353 2797 1482 2886 poribus

296 2913 397 2978 redas
424 2913 558 3006 hopores
590 2937 768 2978 sumtuosa
800 2927 910 2980 senatu
935 2916 1097 2980 consecuti
1131 2917 1237 2980 sint.»
1297 2917 1410 2982 Levius
1435 2930 1483 2983 est

298 3035 447 3100 omissum
479 3059 544 3100 esse
575 3048 644 3124 post
680 3036 781 3100 rebus
814 3049 867 3100 aut
899 3059 967 3101 voc.
999 3040 1189 3125 gestirent
1213 3039 1371 3117 bellicis,
1398 3038 1482 3126 quod

297 3155 403 3220 abesse
427 3177 491 3219 uon
513 3156 602 3222 solet.

657 3307 761 3370 Liber
787 3305 916 3371 Sextus
939 3307 1113 3372 Becimus.

345 3516 445 3582 Valde
470 3515 602 3581 ridicula
632 3516 712 3581 mihi
743 3517 898 3605 scriptura
930 3517 1053 3583 videtur
1081 3519 1114 3583 in
1149 3542 1199 3608 ep.
1227 3524 1262 3584 7:
1299 3542 1422 3598 «cura,
1447 3533 1483 3586 ut

297 3637 398 3703 valeas
434 3637 528 3701 etiam
566 3649 660 3724 atque
692 3638 811 3715 etiam,
837 3639 881 3702 mi
907 3638 989 3704 Tiro.
1027 3639 1151 3703 Vale.»
1198 3640 1391 3729 Interpuuge
1422 3641 1481 3705 sic:

298 3748 381 3822 Cura
401 3770 436 3821 ut
460 3757 571 3822 valeas.
607 3756 711 3822 Etiam
736 3769 830 3845 atque
854 3759 971 3837 etiam,
996 3760 1040 3823 mi
1066 3759 1157 3838 Tiro,
1182 3760 1271 3838 vale,
1297 3761 1337 3825 cf.
1362 3785 1411 3850 ep.
1437 3767 1478 3837 5,

298 3901 349 3967 cp.
365 3881 406 3956 6,
432 3901 482 3966 ep.
500 3883 557 3956 11,
583 3900 631 3965 ep.
649 3879 689 3940 14
713 3890 744 3941 et
764 3900 812 3966 ep.
828 3882 865 3956 9,
892 3878 947 3942 ubi
970 3891 1054 3944 recte
1081 3879 1203 3944 editur:
1230 3882 1363 3946 «Etiam
1387 3894 1482 3970 atque

296 3998 415 4076 etiam,
440 4010 546 4063 noster
571 3985 663 4075 Tiro,
688 3997 768 4062 vale.
782 4021 802 4060 »

340 4118 379 4184 ln
402 4142 452 4207 ep.
467 4121 492 4182 ’6
519 4121 536 4202 §
558 4121 595 4181 2:
633 4139 654 4180 t<
667 4116 705 4181 In
733 4117 859 4182 Italiam
883 4118 1031 4193 euntibus
1054 4120 1201 4184 omnibus
1225 4121 1264 4185 ad
1288 4144 1339 4185 me
1362 4122 1482 4186 litteras

296 4237 403 4317 dabis,
435 4251 470 4302 ut
494 4261 551 4326 ego
586 4250 714 4303 euntem
746 4237 854 4302 Patras
889 4239 1049 4303 neminem
1074 4244 1337 4329 praetermitto.
1397 4241 1483 4329 Lege

290 4362 603 4449 praetermittam,
640 4370 675 4423 nt
699 4359 732 4422 in
767 4381 817 4447 ep.
845 4363 863 4422 5
899 4360 916 4443 §
941 4362 981 4437 2,
1015 4360 1058 4425 sic
1090 4361 1186 4425 etiam
1216 4360 1269 4426 hic
1295 4360 1481 4427 Ciceronem

295 4480 397 4546 multo
428 4479 540 4544 melius
572 4491 618 4544 est
636 4479 873 4569 promittentem
894 4480 1018 4560 facere,
1056 4503 1152 4568 qnam
1180 4481 1224 4546 ita
1257 4481 1478 4548 declarantem.

298 4603 338 4667 Et
369 4600 445 4665 alibi
478 4599 610 4665 memini
642 4597 827 4666 Ciceronem
862 4601 974 4667 eodem
1005 4601 1099 4666 modo
1137 4601 1281 4668 futurum
1317 4600 1476 4667 adhibere.

299 4723 402 4806 Quare
427 4723 460 4787 in
485 4721 555 4788 Lib.
570 4722 596 4790 l.
623 4746 673 4811 ep.
690 4723 737 4787 ab
763 4725 815 4807 §2
830 4727 1157 4812 praetermittemus
1178 4736 1283 4790 tueor.

1689 2442 1691 2567 I
