3542 5492
852 443 893 504 37

279 631 352 698 dem
375 631 431 696 hos
454 641 524 694 tuos
549 627 801 698 Tusculanense's
814 626 879 694 dies
902 628 1001 694 instar
1020 649 1087 694 esse
1107 630 1202 692 vitae
1222 641 1344 717 puto.»
1389 630 1462 695 Post

280 756 373 816 vitae
391 746 587 817 intercidisse
610 745 704 812 credo
721 748 855 812 heatae.

324 873 385 961 llp.
406 874 446 936 14
471 872 489 954 §
510 872 546 934 l:
573 893 595 932 a
605 867 688 936 Sunt
710 869 795 934 enirn
822 870 972 958 permulti
1004 870 1118 958 optimi
1146 871 1226 950 riri,
1263 871 1319 959 qui
1340 871 1462 938 vuesa-

278 992 360 1058 dinis
384 1013 479 1057 oausa
502 991 535 1056 iu
564 989 648 1056 haec
667 989 737 1056 loco
757 993 954 1068 veniaut;»
976 991 1010 1056 iu
1031 1013 1084 1079 ep.
1108 989 1147 1055 od
1171 988 1238 1059 ln.
1254 995 1296 1056 14
1319 1014 1369 1081 cp.
1398 995 1463 1070 17,

279 1114 336 1180 uhi
359 1112 502 1178 eiusdem
525 1109 675 1200 epistolae
703 1109 790 1176 alind
824 1111 985 1202 exemplar
1020 1123 1088 1190 est,
1123 1123 1209 1178 recte
1237 1111 1386 1178 scribitur
1408 1136 1463 1178 ue-

283 1237 392 1312 niunt.
441 1233 480 1300 ln
508 1235 525 1318 §
552 1236 570 1297 7
597 1233 663 1297 «ita
686 1230 881 1321 pedetentim
903 1242 936 1298 et
961 1232 1145 1322 gradatim
1169 1241 1238 1298 tum
1260 1255 1401 1299 accessus
1425 1232 1464 1299 ad

289 1377 411 1421 causam
436 1355 535 1431 lacti,
560 1365 628 1418 turn
651 1375 818 1420 recessus»
842 1365 903 1420 cet.
950 1353 990 1420 lu
1011 1341 1150 1443 epistulis
1180 1353 1219 1420 ad
1252 1354 1464 1421 1111111111-

283 1476 381 1543 liciter
399 1475 558 1540 omittitur
577 1473 832 1562 engradatim,
857 1472 912 1540 sed
935 1474 1018 1540 male
1040 1473 1156 1563 legitur
1178 1497 1253 1539 cum
1276 1497 1462 1553 accessus,

282 1596 368 1687 quod
393 1609 499 1662 tamen
531 1595 667 1685 praefert
698 1595 851 1661 Klotzius.
902 1596 971 1680 Qua
993 1595 1155 1672 doctriua,
1180 1596 1269 1674 scio;
1295 1595 1349 1660 sed
1372 1597 1466 1684 equi·

284 1716 357 1782 dem
381 1715 492 1790 Bakii,
518 1714 629 1780 iudicis
653 1737 744 1782 verae
778 1716 957 1783 Latinitatis
988 1715 1177 1793 acutissimi,
1201 1729 1370 1806 praecepto
1393 1739 1465 1806 per·

281 1838 429 1905 lubenter
450 1835 624 1902 subson'bo.

329 1959 387 2049 llp.
413 1960 454 2022 16
481 1960 498 2042 §
526 1964 563 2021 1:
597 1956 832 2022 «Delectarunt
855 1979 908 2023 me
937 1969 1011 2023 tuae
1037 1941 1184 2033 litterae,
1208 1957 1241 2021 in
1265 1957 1381 2045 quihus
1400 1959 1465 2046 pri-

287 2101 372 2146 mum
399 2081 518 2144 amavi
540 2099 678 2144 arnonem
702 2090 805 2144 tuum.
818 2101 838 2140 »
895 2077 974 2142 Mihi
1003 2089 1036 2142 et
1058 2099 1132 2142 usus
1160 2088 1192 2141 et
1214 2076 1288 2164 styli
1310 2077 1465 2166 elegantia

282 2199 451 2267 excludere
486 2199 631 2267 ridentur
664 2203 793 2266 amovi.
865 2198 975 2266 Malim
1009 2198 1258 2264 animaduerti.
1317 2199 1355 2263 Iu
1383 2201 1464 2284 §3:

284 2345 305 2384 11
314 2323 360 2387 Ut
383 2322 468 2387 enim
493 2321 591 2398 olirn,
613 2319 774 2409 republica
797 2319 917 2397 libera,
942 2318 1118 2385 arbitrabar
1139 2341 1207 2385 esse
1234 2339 1342 2385 meum
1366 2319 1466 2386 libere

286 2441 394 2530 loqui,
418 2443 485 2519 sic,
522 2463 559 2508 ca
587 2463 673 2507 nuuc
696 2441 827 2519 amissa,
862 2440 944 2506 nihil
977 2442 1094 2528 loqui,
1131 2439 1215 2528 quod
1248 2439 1388 2506 offendat
1410 2452 1465 2504 aut

290 2561 375 2626 illius
398 2575 450 2626 aut
466 2584 577 2628 eorum
596 2562 833 2626 uoluntatem.»
881 2560 941 2626 Pro
967 2563 1063 2648 loqui
1080 2561 1211 2625 restituo
1232 2561 1363 2647 loquor.

332 2681 612 2772 Interpolationes,
637 2703 714 2769 quas
745 2681 778 2746 iu
801 2679 863 2746 hoc
890 2679 972 2746 lihro
994 2679 1075 2744 mihi
1106 2701 1267 2769 superesse
1299 2679 1465 2760 ridentur,

287 2803 422 2870 breviter
443 2802 609 2879 indicabo,
634 2802 667 2866 in
688 2823 737 2890 ep.
761 2804 801 2866 18
827 2803 843 2886 §
865 2803 908 2879 1,
933 2800 1084 2864 sublatis
1108 2799 1273 2879 iudiciis,
1297 2800 1332 2866 iu
1355 2825 1406 2891 ep.
1422 2805 1465 2866 24

287 2927 305 3008 §
333 2927 352 2988 2
378 2925 539 2988 coenulas
555 2922 705 3009 secere,
730 2923 763 2986 in
785 2925 803 3006 §
826 2927 845 2987 3
871 2920 913 2984 id
934 2930 987 2984 est
1010 2924 1279 3010 compotationes
1299 2930 1362 2999 aut
1390 2944 1468 2986 con·

286 3049 529 3121 coemtiones,
552 3043 587 3107 iu
606 3066 657 3132 ep.
676 3046 719 3107 24
745 3043 762 3126 §
787 3046 823 3105 1:
854 3064 875 3104 κ
888 3039 970 3125 Quid
990 3063 1064 3129 ergo
1098 3039 1303 3128 [taoiamJt»
1326 3041 1360 3106 in
1385 3044 1403 3125 §
1426 3045 1466 3107 2:

283 3166 351 3232 «lu
372 3189 410 3233 eo
428 3168 524 3256 igitur
547 3165 651 3252 inquis
679 3163 716 3248 (l.
742 3161 901 3250 inquies),
933 3161 1076 3227 conririo
1100 3161 1235 3249 [Cicero]
1269 3161 1323 3227 1111
1335 3184 1357 3226 u
1380 3175 1466 3242 cet,

283 3301 353 3354 turn
375 3287 538 3352 «Habeo‘
563 3285 690 3374 iuquit,
710 3305 775 3350 uon
805 3281 925 3348 habeor
947 3282 980 3369 [a
1002 3280 1115 3368 Laide]
1130 3306 1166 3360 ,>›
1185 3295 1217 3348 et
1247 3282 1281 3346 iu
1306 3285 1324 3366 §
1346 3287 1365 3346 4
1394 3305 1468 3348 cum

284 3408 439 3473 Lambino
458 3408 548 3496 lego:
586 3406 689 3475 «Non
718 3403 811 3472 multi
834 3403 897 3470 cibi
919 3402 1076 3492 hospitem
1099 3403 1256 3492 accipies,
1288 3402 1352 3468 sed
1373 3401 1466 3468 multi

284 3551 357 3595 socr.
371 3553 392 3592 »

733 3675 838 3741 Liber
860 3675 1033 3739 Decimus.

330 3891 369 3956 ln
392 3913 444 3980 ep.
471 3895 482 3954 l
510 3911 596 3954 nuuc
620 3888 743 3954 editur:
769 3911 790 3952 κ
798 3888 911 3976 ltaque
933 3885 1014 3952 mihi
1031 3886 1188 3951 maximae
1209 3908 1304 3953 curae
1318 3900 1385 3967 est,
1404 3912 1469 3956 uon

287 4012 330 4076 de
350 4035 420 4076 mea
444 4007 571 4099 quidem
594 4009 677 4087 rita,
703 4009 754 4075 oui
778 4008 914 4074 satisfeci
935 4006 985 4073 111
1010 4017 1111 4072 aetate
1132 4007 1182 4072 vel
1201 4007 1291 4072 factis
1314 4009 1365 4074 111
1382 4049 1428 4059 -
1444 4013 1470 4077 11

286 4132 364 4222 quid
383 4133 478 4198 ctiam
499 4129 560 4196 hoc
583 4129 623 4195 ad
635 4153 702 4196 rens
713 4131 849 4219 pertinet
861 4167 908 4178 -
919 4128 1041 4217 gloria3
1064 4125 1118 4192 sed
1136 4149 1189 4192 me
1211 4128 1313 4217 patria
1336 4131 1469 4196 collici-

287 4263 363 4332 tat,
388 4253 616 4342 imprimisque,
640 4251 685 4316 mi
709 4251 847 4330 Plance,
869 4249 1059 4340 exspectatio
1086 4247 1266 4314 consulatus
1294 4251 1364 4328 tui,
1389 4273 1470 4339 quae

286 4376 331 4441 ita
351 4374 531 4462 longeest,
556 4385 591 4438 ut
608 4371 781 4462 optandum
804 4372 864 4452 sit,
891 4382 926 4436 ut
948 4392 1114 4461 possumus
1141 4367 1181 4434 ad
1204 4366 1237 4432 id
1260 4379 1384 4459 tempus
1407 4372 1468 4438 rei·

288 4495 435 4585 publicae
465 4493 607 4583 spiritum
643 4494 803 4560 ducere.»
869 4491 1049 4559 Admodum
1084 4491 1282 4580 negligenter
1316 4491 1361 4558 sic
1393 4488 1467 4570 edi,

290 4616 365 4704 quid
392 4614 499 4681 multis
530 4613 770 4682 demonstrem?
825 4615 913 4680 Ilaec
943 4635 1047 4702 neque
1078 4623 1162 4679 recte
1198 4610 1367 4678 cohaerent
1393 4632 1469 4704 cum

289 4736 518 4824 superioribus,
543 4757 647 4821 neque
664 4737 729 4824 ipsa
753 4759 824 4804 tera
848 4748 932 4802 sunt.
982 4734 1122 4802 Primum
1143 4732 1278 4799 formula
1298 4717 1469 4799 curaeoot
1564 4740 1568 4748 '
