3542 5492
878 429 920 489 28

751 644 855 709 Liber
880 641 1069 709 Secundus.

357 855 417 945 up.
443 858 457 920 1
486 857 503 940 §
525 858 555 920 1.
604 831 837 944 «Quamquam
857 876 909 919 me
928 854 1057 922 nomine
1080 851 1293 943 negligentiae
1316 869 1496 944 suspectum

311 975 371 1042 tibi
393 999 458 1042 esse
481 975 590 1053 doleo,
615 987 722 1042 tamen
748 997 811 1041 non
843 986 909 1039 tam
940 973 1019 1038 mihi
1044 972 1230 1064 molestum=
1243 973 1303 1040 fuit
1331 980 1498 1042 ucuesorr‘

312 1097 374 1161 aba
404 1105 437 1162 te
470 1098 618 1187 officium
650 1119 777 1175 meum,
802 1117 899 1185 quam
927 1092 1102 1160 iucundum
1136 1095 1275 1184 requiri:
1313 1099 1496 1185 praesertim

313 1239 385 1282 curn
397 1266 406 1296 ,
431 1218 464 1282 in
488 1239 551 1306 quo
579 1218 794 1295 accusabar,
820 1215 914 1307 culpa
941 1237 1107 1295 recarem3
1141 1215 1174 1280 in
1197 1238 1260 1304 quo
1284 1229 1391 1282 autem
1414 1217 1497 1283 desi·

313 1336 422 1404 derare
446 1349 478 1404 te
506 1337 704 1427 significabas
735 1338 855 1404 litteras
886 1359 995 1415 meas,
1023 1347 1153 1425 praete
1176 1335 1272 1401 ferres
1295 1349 1497 1426 perspectum

312 1458 393 1524 mihi
416 1457 568 1548 quidem,
604 1457 658 1524 sed
680 1471 787 1524 tamen
819 1457 948 1523 dulcem
978 1467 1010 1522 et
1044 1468 1188 1546 optatum
1220 1479 1358 1522 amorem
1389 1466 1495 1524 tuum.

315 1578 471 1668 Equidem
495 1580 655 1646 neminem
672 1578 889 1668 praetermisi,
912 1614 1014 1628 -—
1026 1577 1078 1644 cui
1097 1576 1208 1643 litteris
1227 1599 1292 1643 non
1311 1577 1496 1644 dederim.»

314 1701 352 1766 ln
375 1701 424 1766 his
448 1700 589 1768 desidero
626 1699 785 1766 Ciceronis
816 1723 959 1766 manum.
1015 1697 1098 1785 Quid
1132 1712 1179 1764 est
1210 1701 1295 1764 enim
1330 1723 1499 1766 accusare

315 1820 493 1912 officium?
551 1822 669 1887 Dubito
701 1845 740 1886 an
772 1821 816 1887 sic
846 1820 910 1886 dici
944 1820 1063 1910 possit3
1101 1818 1215 1886 deinde
1246 1819 1348 1885 multo
1383 1822 1497 1888 melius

313 1942 456 2032 procedit
476 1944 650 2022 sententia,
687 1943 711 2008 si
735 1942 892 2031 legimus:
929 1963 1024 2006 «non
1055 1952 1121 2005 tam
1142 1939 1223 2005 mihi
1246 1940 1415 2007 molestum
1438 1942 1499 2007 fuit

315 2067 483 2128 accusari
505 2063 560 2128 abs
591 2074 646 2140 te,
677 2085 773 2153 quam
798 2062 974 2128 iucundum
1003 2062 1150 2152 officium
1174 2083 1282 2127 meum
1316 2066 1499 2150 requiri.»

314 2184 419 2274 Vulgo
450 2183 590 2250 officinm
621 2187 836 2273 requiritur,
862 2183 1107 2262 desideratur,
1143 2204 1199 2248 nos
1231 2205 1437 2248 accusamur
1460 2183 1500 2250 de

314 2305 506 2396 negligentia
525 2329 553 2371 e.
570 2329 600 2395 g.
625 2305 839 2394 epistolarum.
882 2302 1042 2370 Ciceronis
1053 2314 1193 2368 mentem
1221 2315 1254 2368 et
1276 2304 1499 2394 cogitationem

315 2427 442 2493 invenio
466 2426 498 2491 in
523 2425 669 2491 Plautino
695 2423 796 2513 (Asin.
823 2422 850 2489 l.
878 2428 913 2493 3.
932 2423 1003 2509 21.)

498 2543 581 2632 Quid
604 2567 656 2610 me
679 2567 850 2622 oocuous,
871 2543 898 2608 si
916 2543 997 2610 facio
1021 2544 1162 2610 officium
1181 2547 1318 2612 meum?

361 2667 483 2734 Deinde
503 2667 582 2732 illud
604 2676 697 2732 tuum
721 2663 885 2755 displicet,
906 2678 938 2730 et
967 2664 1087 2754 aliquid
1111 2668 1261 2756 requiro,
1287 2666 1371 2755 quod
1392 2669 1499 2732 ueme'·

317 2811 392 2853 uem
411 2787 553 2853 definiat.
604 2785 816 2871 Quamobrem
839 2784 1042 2849 scribendum
1065 2807 1197 2851 censeo:
1224 2809 1330 2876 «prae
1349 2799 1381 2852 te
1404 2787 1501 2852 ferres

316 2920 516 3000 perspectum
541 2906 620 2972 mibi
638 2904 790 2994 quidem,
820 2903 874 2970 sed
904 2917 1012 2970 tamen
1042 2905 1170 2971 dulcem
1192 2919 1225 2973 et
1248 2920 1392 2998 optatum
1415 2929 1501 2973 amo·

317 3052 397 3097 rem.
448 3029 596 3095 Tuorum
619 3026 767 3116 equidem
790 3026 952 3091 nemiuem
973 3027 1169 3115 praetermisi
1204 3042 1264 3095 oet.
1323 3028 1377 3096 sio
1402 3032 1499 3118 quia-

317 3175 420 3240 quum
449 3158 584 3214 tuorum
610 3146 661 3214 rel
685 3169 727 3211 eu
749 3150 821 3211 tuis
841 3146 958 3212 dicitur
976 3171 1028 3238 ep.
1058 3153 1079 3213 3
1105 3149 1173 3215 init.
1201 3149 1228 3215 l.
1252 3155 1300 3216 5a
1326 3153 1344 3234 §
1368 3155 1410 3230 43
1438 3150 1499 3216 Ill.

320 3276 374 3339 11.
401 3277 418 3358 §
445 3276 486 3352 t;
515 3271 587 3337 XII.
614 3273 654 3335 18
684 3271 701 3354 §
727 3275 763 3347 1,
789 3273 844 3334 30.
872 3271 890 3353 §
919 3274 958 3346 1,
985 3269 1023 3332 ad
1044 3268 1099 3333 tn
1124 3269 1180 3334 xl.
1206 3292 1255 3358 ep.
1283 3269 1501 3354 19§1‚ubi

318 3396 385 3462 sere
405 3393 514 3462 eadem
539 3391 692 3457 sententia
712 3388 859 3454 occurrit.

364 3515 424 3604 Ep.
446 3519 466 3579 3
492 3514 509 3597 §
531 3515 571 3576 2:
599 3533 620 3572 ‹<
630 3509 669 3574 ad
694 3531 775 3597 qnae
798 3508 823 3573 si
843 3530 900 3587 es,
933 3519 968 3573 ut
988 3507 1084 3574 debes
1098 3559 1107 3589 ,
1132 3522 1260 3599 paratus
1288 3549 1333 3561 —
1354 3511 1499 3601 plurimis

316 3636 524 3722 maximisque
553 3630 738 3696 muneribus
765 3643 796 3696 et
825 3653 881 3696 nos
913 3631 1032 3697 amicos
1059 3644 1091 3697 et
1115 3632 1197 3698 eires
1224 3645 1294 3698 tuos
1317 3636 1500 3700 uniuersos

316 3771 347 3824 et
370 3755 599 3846 rempublicam
625 3747 787 3817 afficies.»
833 3750 873 3817 Et
907 3751 960 3818 hic
988 3750 1080 3817 credo
1110 3752 1281 3819 lectionem
1313 3754 1498 3822 mutandam

315 3901 381 3945 esse
401 3877 464 3942 ita:
492 3875 603 3942 »eires
625 3887 696 3939 tuos
718 3884 749 3939 et
770 3875 971 3937 uniuersum
1001 3873 1244 3962 rempublicam.

362 3996 512 4066 Mendosa
528 3995 652 4062 ridetur
674 4019 724 4084 ep.
748 3999 766 4058 4
791 3997 808 4080 §
830 4001 865 4058 l:
901 3993 1143 4083 «Epistolarum
1169 4017 1284 4084 genera
1310 3995 1412 4061 multa
1435 4019 1501 4062 esse

317 4144 382 4186 non
405 4121 553 4209 ignoras,
578 4116 632 4182 sed
655 4137 755 4181 unum
777 4114 870 4179 illud
891 4117 1124 4180 certissimum
1140 4164 1148 4193 ‚
1163 4116 1253 4181 cuius
1277 4138 1371 4181 causa
1389 4117 1500 4183 inven-

318 4255 349 4306 ta
374 4264 421 4306 res
444 4241 510 4330 ipsa
530 4251 595 4315 est,
621 4250 656 4302 ut
680 4237 827 4303 certiores
850 4235 1025 4302 faceremus
1044 4235 1235 4302 absentes.»
1282 4237 1342 4302 Pro
1374 4240 1502 4302 certis-

319 4365 441 4427 simum
478 4359 613 4426 Orellius
642 4359 909 4436 creberrimum,
936 4356 1071 4435 Belius,
1102 4356 1232 4423 sibene
1255 4359 1407 4437 memini,
1433 4362 1500 4423 tri-

319 4486 504 4550 tissimum.
555 4481 706 4572 Egregiae
738 4503 811 4546 sane
837 4479 1060 4556 coniecturae,
1085 4489 1192 4543 tamen
1212 4479 1408 4546 verisimilius
1435 4500 1499 4545 esse

318 4606 447 4672 aestimo
476 4603 569 4670 rerba
605 4601 698 4669 illud
727 4605 961 4668 certissimum
997 4599 1152 4692 adscripta
1183 4625 1249 4668 esse
1285 4601 1324 4667 ab
1354 4601 1496 4690 interpo-

320 4725 429 4792 latore.
