3542 5492
846 434 884 495 31

276 621 422 687 ridentur
444 641 531 698 esse,
565 620 621 707 qui
644 639 789 709 asperum
813 617 916 684 Servii
939 630 970 684 et
993 619 1109 686 durum
1133 623 1273 688 animum
1299 623 1465 690 vehemen-

278 755 327 807 ter
347 740 558 830 perstringere
581 739 713 805 studuit.

321 862 360 927 ln
387 864 405 946 §
435 865 466 927 1.
515 884 536 924 ‹<
548 861 615 927 Etsi
639 883 737 950 genus
760 861 821 926 hoo
845 860 1066 927 consolationis
1088 864 1239 929 miserum
1263 876 1357 953 atque
1378 887 1468 930 aeer-

275 984 355 1048 bum
379 995 443 1056 est,
477 993 644 1071 propterea
668 983 763 1070 quia,
787 1005 845 1071 per
866 1004 946 1072 quos
968 1006 1006 1048 ea
1029 985 1160 1050 confieri
1182 985 1297 1064 debet,
1314 989 1470 1075 propin-

277 1127 363 1192 quos
392 1127 435 1167 ae
459 1103 691 1192 familiares,
726 1103 750 1166 ii
782 1103 841 1192 ipsi
866 1104 937 1192 pari
962 1103 1105 1169 molestia
1129 1105 1358 1171 afficiuntur.»
1396 1105 1469 1170 Non

279 1248 405 1315 possum
423 1223 504 1289 mihi
522 1223 711 1313 persuadere
722 1222 866 1290 Serrium
886 1225 929 1288 ita
940 1226 1109 1314 scripsisse.
1147 1225 1346 1292 Confirmant
1362 1249 1469 1291 meam

282 1346 481 1436 opinionem,
515 1367 597 1432 quae
630 1343 740 1410 Cicero
768 1345 834 1434 ipse
865 1345 975 1410 scribit
1003 1346 1037 1410 in
1068 1346 1140 1411 Lib.
1166 1346 1224 1412 IX.
1250 1369 1298 1436 ep.
1324 1350 1385 1425 29,
1411 1357 1471 1410 «et

280 1478 349 1557 post
372 1489 481 1532 meum
505 1464 660 1544 reditum,
684 1487 780 1554 quam
803 1465 1002 1532 familiariter
1020 1489 1148 1531 meeum
1171 1467 1300 1554 rixeris,
1324 1488 1470 1554 quaeque

279 1610 337 1676 ego
368 1585 408 1651 de
442 1597 475 1650 te
505 1586 655 1652 senserim
685 1598 717 1651 et
747 1586 975 1676 praedicarim,
1001 1610 1131 1664 omnes,
1154 1591 1218 1675 qai
1245 1589 1358 1652 solent
1386 1587 1472 1651 haee

281 1707 582 1786 animadvertere,
607 1719 700 1773 testes
723 1706 915 1772 habemus.»
962 1707 1062 1797 Igitur
1084 1710 1195 1774 omitto
1214 1709 1309 1775 rerba
1322 1710 1472 1798 propin·

280 1852 365 1918 qnos
389 1836 425 1892 et
437 1827 662 1914 familiares,
701 1828 738 1894 ln
757 1831 774 1912 §
793 1835 813 1893 3
830 1828 968 1900 Ernestii
985 1828 1154 1895 lectionem
1175 1851 1320 1894 revoca:
1357 1826 1473 1912 «Quid

281 1950 397 2015 horum
428 1949 508 2028 fuit,
543 1947 627 2037 quod
658 1972 723 2014 non
750 1949 837 2038 pn'us
862 1971 958 2038 qnam
981 1949 1091 2014 datum
1115 1958 1208 2014 esset
1230 1949 1359 2038 (legitur
1381 1947 1470 2035 est),

285 2069 464 2160 ademptum
489 2070 574 2134 sit.»
622 2069 758 2158 Vulgata
782 2071 937 2136 sententia
961 2068 1095 2134 absurda
1118 2081 1176 2134 est.

327 2192 363 2258 In
389 2215 440 2281 ep.
469 2194 489 2255 6
516 2193 533 2274 §
559 2194 602 2254 f:
630 2214 652 2254 «
664 2189 761 2256 (luins
786 2191 890 2256 officia
913 2190 1101 2255 iucundiora
1120 2192 1258 2255 scilieet
1277 2213 1369 2279 saepe
1392 2190 1473 2255 mibi
1540 2245 1544 2251 .

281 2314 416 2390 fuerint,
447 2334 613 2400 nunquam
643 2320 757 2376 tamen
788 2312 962 2400 gratiora.»
1009 2311 1152 2376 Klotzius
1177 2311 1290 2376 retinet
1315 2311 1471 2388 seilicet,

286 2433 433 2499 emendat
446 2430 624 2519 faernnt,·
652 2430 788 2498 Orellins
813 2433 897 2497 lieet
918 2434 1081 2522 proposuit
1104 2454 1161 2519 pro
1186 2434 1334 2498 seilicet.
1373 2432 1474 2519 Equi·

292 2552 365 2617 dem
396 2553 429 2616 in
442 2530 504 2629 se,
531 2549 616 2638 quod
640 2550 788 2615 scribitur
805 2573 863 2639 pro
888 2553 1026 2617 seilicet
1048 2551 1145 2617 latere
1169 2551 1311 2640 suspicor
1332 2573 1370 2614 se
1393 2551 1415 2615 i.
1441 2574 1474 2616 e.

291 2694 393 2751 sane,
419 2671 644 2758 tnm'fuerint
667 2682 713 2736 est
737 2669 936 2736 serrandum.

332 2793 370 2858 In
405 2816 455 2882 ep.
483 2797 502 2857 9
530 2795 548 2876 §
572 2799 616 2857 3:
652 2791 817 2856 «Factum
848 2790 934 2879 quod
965 2803 997 2856 et
1029 2794 1168 2856 initiam
1195 2791 1272 2858 belli
1300 2793 1475 2858 necessario

286 2924 441 2979 «secutus
470 2913 510 2978 sis
550 2924 581 2977 et
613 2921 769 2977 extrema
801 2912 959 3000 sapienter
988 2912 1134 3001 persequi
1168 2912 1341 2978 nolueris.»
1400 2911 1472 2979 Non
1499 2946 1502 2954 ·

290 3038 428 3099 initiam
453 3033 567 3112 credo,
592 3031 645 3097 sed
671 3035 779 3096 initia
803 3032 844 3097 of.
871 3056 921 3121 ep.
949 3036 966 3095 7
993 3037 1011 3122 §
1036 3036 1069 3096 2.

730 3274 836 3338 Liber
873 3273 1034 3360 Quintus.

336 3520 393 3610 Ep.
419 3525 434 3584 1
459 3521 522 3604 §t
561 3541 582 3580 κ
595 3517 814 3582 Existimarem
835 3515 905 3604 (sie)
919 3540 977 3605 pro
1000 3529 1112 3582 mutuo
1135 3518 1218 3583 inter
1240 3539 1296 3582 nos
1320 3517 1426 3580 animo
1446 3528 1478 3580 et

289 3663 346 3730 pro
381 3639 584 3711 reconciliata
615 3639 714 3728 gratia
743 3660 802 3702 nee
834 3637 1007 3701 absentem
1038 3660 1089 3702 me
1120 3636 1257 3702 ludibrio
1288 3635 1407 3700 laesum
1439 3637 1479 3701 iri

291 3783 351 3826 nee
382 3760 548 3826 Metellum
579 3759 708 3824 fratrem
738 3757 778 3821 ob
809 3756 930 3822 dietum
954 3757 1056 3847 edpite
1079 3768 1111 3822 et
1132 3756 1267 3822 fortunis
1289 3780 1348 3846 per
1370 3768 1402 3822 te
1421 3779 1480 3846 op·

290 3894 466 3971 pugnatum
497 3881 579 3945 iri.»
637 3879 673 3943 ln
702 3878 844 3944 Mediteo
876 3890 923 3944 est
964 3900 1026 3941 nee
1054 3878 1215 3955 absente,
1251 3875 1336 3964 qnod
1367 3901 1481 3966 quam·

291 4025 387 4091 quam
418 4025 523 4068 errore
554 4002 706 4090 scripturn
735 4023 800 4066 esse
830 4000 955 4089 potuit,
983 4012 1090 4064 tamen
1112 3999 1174 4064 hoe
1196 3998 1266 4064 loeo
1291 3997 1378 4062 aliud
1402 3995 1480 4085 quid

292 4125 454 4190 continere
485 4136 574 4212 puto.
624 4120 700 4187 Sine
731 4121 828 4186 dubio
851 4121 898 4199 is,
931 4121 987 4209 qni
1019 4119 1123 4198 abest,
1155 4119 1195 4184 de
1228 4143 1262 4184 se
1290 4120 1359 4207 ipso
1388 4138 1480 4209 saepe

292 4244 446 4310 voeabula
471 4245 595 4308 absens
618 4243 718 4307 utitur
740 4243 774 4307 in
799 4241 944 4306 omnibus
968 4241 1081 4321 rebus,
1106 4263 1190 4328 quae
1212 4239 1251 4303 ad
1270 4263 1302 4304 se
1321 4240 1480 4328 pertinere

293 4366 477 4444 arbitratum
504 4385 733 4452 nonnunquam
755 4363 821 4451 ipsa
845 4363 900 4427 illa
924 4363 1044 4428 mentio
1066 4362 1106 4427 de
1129 4361 1270 4427 absentia
1294 4361 1479 4438 scribentis,

294 4487 384 4553 euius
415 4508 463 4549 res
493 4485 641 4573 famaque
671 4494 824 4572 aguntur,
848 4484 978 4549 inservit
1001 4482 1041 4547 ad
1064 4484 1187 4572 gravius
1210 4481 1403 4570 instigandos
1427 4493 1482 4546 aut

295 4604 569 4696 reprehendendos
604 4605 789 4684 familiares,
829 4604 914 4694 quod
946 4604 1066 4692 aliquid
1093 4617 1147 4668 aut
1178 4602 1319 4666 nondum
1347 4603 1481 4668 fecerint

297 4739 350 4792 aut
374 4729 476 4795 adhue
504 4726 718 4816 neglexerint,
744 4737 774 4792 et
800 4726 824 4790 si
850 4724 1022 4791 omniahie
1045 4725 1127 4791 bene
1151 4747 1183 4791 se
1207 4721 1381 4800 haberent,
1400 4723 1481 4788 illud
