3542 5492
842 445 885 506 39

268 632 384 699 nelicio
407 630 525 696 tribute
550 642 604 695 1111
627 651 698 696 meo
721 629 828 696 labore
851 643 966 721 parta,
990 633 1048 697 etsi
1068 654 1085 695 a
1105 642 1137 698 te
1158 644 1287 721 propter
1310 651 1454 698 amorem

272 753 370 817 carius
390 763 464 815 sunt
484 751 671 829 aestimata,
693 763 800 817 tamen
815 751 865 817 rel
884 752 1093 817 inimicissimi
1111 750 1226 817 iudicio
1248 763 1336 817 tauta
1355 767 1450 831 suut,

272 885 304 938 ut
334 885 461 963 praeter
494 872 612 937 bonam
643 872 761 936 famam
789 872 869 938 nibil
900 872 1076 938 desiderare
1107 873 1304 938 videantur.
1315 897 1336 936 »
1393 873 1454 938 Illa

268 994 354 1057 lona
378 991 494 1057 bonam
517 992 634 1056 lamam
657 1015 721 1056 non
745 990 983 1071 desiderabant,
1007 991 1061 1059 sed
1086 994 1220 1059 Plancus
1241 993 1324 1060 male
1344 992 1453 1059 audie·

269 1113 337 1178 bat.
386 1113 469 1202 Lege
493 1112 591 1201 igitur
611 1112 793 1176 videamur
820 1124 875 1178 aut
904 1113 1041 1178 uidear.
1102 1112 1155 1179 sic
1181 1113 1270 1202 loqui
1294 1114 1450 1193 solemus3

271 1234 314 1298 sic
338 1234 430 1298 etiam
466 1233 608 1321 loquitur
633 1231 743 1298 (licere
774 1234 807 1297 in
832 1233 903 1298 Lib.
918 1232 963 1298 ll.
990 1257 1040 1322 ep.
1064 1236 1105 1298 10
1137 1237 1155 1319 §
1182 1240 1219 1299 3:
1253 1232 1455 1323 «0111116111-

272 1351 344 1416 bam
363 1352 647 1418 -Pindenissum
669 1350 760 1439 (sic),
786 1365 821 1418 ut
844 1355 934 1418 milri
959 1352 999 1418 ad
1022 1376 1178 1419 summam
1201 1354 1333 1443 gloriam
1362 1356 1457 1418 nihil

284 1473 374 1538 desit
394 1475 471 1536 nisi
492 1465 610 1539 nomen
634 1472 753 1564 oppidi.

314 1595 375 1684 up.
399 1598 418 1658 5
444 1595 518 1678 §12
546 1617 567 1657 κ
577 1593 687 1683 ltaque
716 1596 972 1661 commemoratio
1001 1607 1055 1660 tua
1078 1607 1227 1685 paternae
1249 1594 1454 1661 necessitudi-

270 1715 319 1778 nis
341 1712 642 1803 benevolentiaeque
669 1715 759 1793 eius,
786 1738 881 1804 quam
905 1738 991 1805 erga
1013 1738 1066 1780 me
1086 1739 1105 1779 1
1127 1716 1262 1806 pueritia
1286 1717 1454 1781 conatalis-

270 1857 347 1913 ses,
373 1846 615 1922 ceterarumque
639 1857 764 1914 rerum,
790 1857 870 1924 quae
894 1833 933 1899 ad
957 1834 1090 1903 eandem
1107 1837 1294 1902 sententiam
1313 1838 1454 1926 pertine·

269 1955 370 2033 bant,
405 1954 643 2020 incredibilem
667 1957 755 2019 milri
781 1957 954 2020 laetitiam
986 1958 1195 2024 attulerant.
1255 1955 1374 2021 Rursus
1397 1955 1453 2022 de·

271 2075 399 2141 cleratio
424 2076 521 2140 animi
549 2077 619 2154 tui,
645 2098 740 2164 quem
771 2075 902 2142 haberes
930 2076 970 2143 de
993 2077 1175 2168 republica,
1212 2098 1371 2166 quemque
1398 2077 1453 2142 ha·

268 2197 390 2263 biturus
409 2218 505 2274 esses,
530 2197 618 2260 milri
640 2203 720 2259 erat
742 2196 996 2261 iucundissima
1010 2221 1021 2261 .·
1044 2219 1145 2287 eoque
1164 2198 1265 2262 maior
1287 2209 1353 2262 erat
1374 2196 1453 2262 haec

269 2319 411 2396 laetitia,
438 2313 522 2405 quod
547 2315 585 2380 ad
608 2315 663 2380 illa
683 2316 843 2405 superiora
867 2317 1049 2383 accedebat.
1099 2317 1211 2406 ltaque
1234 2328 1266 2382 te
1286 2339 1350 2382 non
1378 2316 1453 2382 hor·

276 2449 326 2502 tor
353 2437 477 2516 solum,
510 2437 556 2502 mi
583 2437 721 2516 Plance,
746 2437 799 2503 sed
829 2438 924 2527 plane
954 2439 1050 2504 etiam
1072 2462 1151 2517 oro,
1177 2438 1269 2526 qaod
1292 2438 1372 2524 feci
1404 2441 1453 2501 iis

278 2559 433 2635 litteris,
456 2559 578 2645 quibus
602 2566 640 2620 ta
666 2558 916 2622 humanissime
937 2558 1177 2648 respondisti,
1203 2570 1238 2621 ut
1261 2568 1455 2623 tetamento

279 2677 425 2766 omnique
459 2677 556 2742 animi
590 2677 711 2766 impetu
745 2677 778 2741 iu
814 2677 1042 2766 rempublicam
1076 2676 1285 2742 incumbas.»
1343 2675 1453 2743 (licere

274 2799 482 2888 superioribus
513 2798 625 2864 litteris
660 2798 813 2863 Plancum
847 2799 1011 2862 hortatus
1056 2805 1159 2875 erat,
1195 2819 1281 2862 nunc
1319 2798 1453 2862 orabat.

275 2920 428 3005 Quocirca
461 2919 556 3018 verba
591 2919 708 3008 «quod
741 2919 803 2985 feci
829 2956 874 2967 —
896 2957 942 2968 -
971 2917 1187 3008 respondisti»
1221 2918 1454 3008 transponenda

273 3053 345 3106 sunt
367 3053 438 3129 post
461 3044 510 3104 mi
533 3039 677 3104 Plance.
728 3037 776 3106 cf.
806 3038 876 3104 Lib.
900 3038 957 3104 lv.
982 3062 1033 3127 ep.
1056 3043 1075 3103 9
1102 3039 1167 3122 §l.
1216 3037 1280 3104 Sed
1302 3040 1398 3104 etiem
1420 3040 1454 3103 in

272 3160 483 3250 superioribus
508 3158 601 3226 oredo
624 3181 689 3225 esse
713 3157 833 3246 aliquid
852 3159 1015 3224 turbatum
1035 3171 1067 3224 et
1089 3158 1242 3225 vocabula
1260 3158 1366 3224 sedem
1385 3182 1456 3224 mu·

272 3295 363 3348 tasse.
413 3280 496 3346 Nam
521 3279 681 3346 Ciceronis
703 3301 768 3344 non
791 3292 838 3345 est
861 3278 966 3346 dicere
990 3280 1320 3345 commemorationem
1341 3281 1456 3344 amoris

273 3403 331 3468 sibi
370 3401 510 3468 attulisse
546 3400 783 3466 incredibilem
819 3400 1019 3479 laetitiam,
1055 3399 1300 3466 declarationem
1333 3400 1453 3478 animi,

273 3545 368 3613 quem
392 3522 527 3587 Plancus
546 3519 677 3585 haberet
699 3520 738 3585 de
761 3520 943 3610 republica,
969 3531 1093 3585 tautum
1116 3520 1174 3584 sibi
1189 3519 1312 3606 faisse
1334 3524 1455 3586 iacun·

274 3643 468 3708 dissimum.
518 3641 558 3706 Et
577 3641 643 3730 ipse
665 3639 776 3718 locus,
801 3640 834 3703 in
859 3662 922 3728 quo
945 3641 1051 3706 statim
1074 3652 1144 3730 post
1168 3641 1455 3706 iucundissimam

275 3766 417 3853 sequitur
441 3783 543 3848 eoque
565 3764 676 3825 maior
704 3767 783 3824 erat
806 3761 890 3824 laec
911 3761 1073 3840 laetitia,
1098 3761 1228 3828 suadere
1252 3761 1396 3845 videtur,
1421 3775 1456 3827 ut

274 3885 352 3950 ordo
378 3883 547 3950 verborum
577 3891 728 3945 mutetur.
785 3879 864 3945 Mihi
895 3892 979 3945 certe
1004 3879 1155 3948 Cicerone
1183 3881 1326 3970 digniora
1351 3881 1456 3949 videu-

275 4018 348 4072 tur:
376 4029 397 4067 «
409 3987 673 4070 commemoratio
685 4037 730 4048 —
741 3999 820 4065 mibi
841 4013 908 4065 erat
926 4000 1161 4067 iucundissima.
1212 4001 1330 4068 Rursus
1351 4001 1457 4070 deela-

276 4127 355 4191 ratio
380 4162 426 4174 -
454 4122 672 4189 incredibilem
702 4120 781 4186 mibi
805 4120 957 4186 laetitiam
981 4121 1105 4187 attulit:
1143 4144 1244 4211 eoque
1266 4124 1367 4188 maior
1389 4136 1457 4189 erat

275 4247 355 4314 haee
377 4245 520 4322 laetitia,
546 4242 630 4333 quod
654 4241 692 4306 ad
715 4241 770 4306 ille
794 4243 954 4331 superiora
977 4241 1191 4312 accedebat.»
1238 4243 1368 4334 Aliquid
1391 4246 1458 4310 lor·

275 4380 356 4432 tasse
376 4365 503 4444 fuisset,
523 4365 548 4430 si
572 4363 762 4430 scriberetur
777 4362 828 4426 ad
849 4364 949 4427 illam
973 4367 1198 4453 superiorem.
1249 4363 1359 4430 Audax
1383 4389 1457 4431 saue

277 4487 410 4553 mutatio
437 4498 505 4563 est,
530 4485 602 4564 sed,
634 4497 670 4550 ut
698 4507 784 4549 nunc
813 4485 907 4550 lectio
937 4496 1006 4561 est,
1042 4484 1129 4550 locus
1160 4485 1368 4550 inconcinnus
1398 4499 1455 4551 est.

280 4609 361 4673 Tum
390 4605 528 4682 suadeo,
553 4617 589 4669 ut
611 4618 804 4694 reponatur:
844 4629 864 4668 11
873 4627 968 4694 quarn
999 4628 1074 4694 erga
1101 4628 1153 4672 me
1188 4630 1205 4670 1
1232 4606 1365 4696 pueritia
1395 4608 1457 4671 lsa-

279 4728 423 4796 bnisees.
436 4753 457 4793 »
517 4724 659 4792 Orellius
676 4727 739 4792 iam
763 4725 959 4806 observarit,
993 4729 1200 4793 contulisses
1228 4728 1369 4817 flagitare
1400 4732 1456 4809 in,
