3542 5492
887 424 929 486 34

363 609 401 674 ln
423 609 513 674 initio
537 631 588 697 ep.
614 610 653 675 16
683 608 788 674 videor
810 609 891 676 mihi
913 607 1153 698 deprehendisse
1176 623 1268 701 turpe
1298 609 1494 679 additamen-

318 744 386 797 tum
410 731 443 795 in
477 730 544 795 his:
583 728 761 794 «Primos
791 729 860 795 illas
895 730 1066 795 rabiosulas
1100 741 1158 795 aut
1181 731 1314 818 fatuas
1355 731 1492 813 dedisti3

318 852 466 918 deinde»
487 862 548 917 cet.
586 850 645 914 Vir
665 862 730 929 est,
745 849 829 938 quod
849 873 994 916 moneam
1008 855 1163 942 primum
1186 875 1252 918 esse
1275 852 1443 943 legendum
1463 866 1495 920 et

316 972 487 1039 delendum
512 981 571 1036 cat
584 972 727 1059 fatuae.
788 971 826 1036 ln
850 985 987 1038 extrema
1018 973 1150 1062 epistola
1176 973 1363 1064 displicent:
1402 973 1495 1041 «Sed

317 1107 423 1161 tamen
445 1105 491 1160 est
515 1092 598 1182 quod
630 1091 776 1182 gaudeas.
834 1091 962 1157 Constat
991 1093 1076 1158 enim
1098 1094 1181 1159 inter
1206 1116 1313 1160 omnes
1336 1095 1496 1160 neminem

316 1228 348 1280 te
373 1238 436 1280 uno
461 1213 698 1281 Samarobrivae
725 1214 801 1278 iuris
819 1215 1000 1302 peritiorem
1027 1237 1135 1280 esse.»
1191 1214 1264 1281 Non
1285 1214 1497 1306 spernendum

318 1348 419 1414 esset,
444 1336 469 1401 si
490 1336 647 1425 legeretur
670 1334 861 1401 «neminem
884 1357 986 1399 unum
1012 1342 1111 1398 te-
1125 1335 1370 1424 -peritiorem
1389 1359 1497 1402 esse.»

362 1456 400 1521 ln
420 1479 471 1544 ep.
490 1459 530 1520 19
555 1455 688 1521 eandem
708 1455 844 1521 feceram
867 1456 1099 1534 coniecturam,
1123 1456 1157 1519 in
1169 1478 1265 1543 quam
1283 1455 1424 1521 Klotzius
1446 1456 1496 1522 in·

317 1575 411 1642 cidit:
450 1575 565 1641 «Eum
596 1575 713 1640 librum
735 1575 794 1640 tibi
821 1578 893 1640 iam
914 1575 986 1640 misi
1009 1574 1175 1664 Rhegio.»
1221 1575 1258 1641 In
1277 1575 1420 1642 Mediceo
1449 1588 1496 1642 est

317 1701 435 1762 amisi.
485 1697 523 1763 In
540 1721 590 1786 ep.
606 1700 646 1762 21
673 1697 762 1761 initio
787 1708 860 1762 ante
885 1693 974 1760 Silii
995 1718 1186 1784 praenomen
1200 1695 1233 1761 P
1255 1697 1360 1784 periit.

361 1818 399 1883 ln
423 1841 473 1908 ep.
497 1822 539 1882 30
565 1818 582 1901 §
608 1821 641 1883 3.
698 1816 848 1882 «Acilius
877 1854 923 1866 -
945 1816 1081 1881 marimo
1115 1839 1187 1881 meo
1218 1816 1374 1882 beneficio
1407 1829 1496 1882 est.»

317 1936 513 2003 Intercidisse
538 1937 660 2003 ridetur
683 1960 767 2001 usus
787 1948 859 2002 ante
883 1945 947 2001 est.

362 2059 401 2124 In
425 2061 527 2148 ep.3l
556 2061 619 2142 §2.
668 2058 749 2123 Veni
769 2059 880 2148 igitur,
907 2080 1042 2146 quaeso,
1066 2081 1107 2123 ne
1132 2067 1245 2123 tamen
1270 2080 1378 2125 semen
1401 2058 1499 2124 urba·

316 2180 423 2246 nitatis
447 2201 510 2244 nna
534 2201 608 2243 cum
625 2178 786 2268 republica
808 2179 987 2244 intereat.»
1033 2179 1135 2244 Locus
1156 2201 1255 2267 aeque
1279 2191 1364 2244 recte
1384 2201 1497 2268 quam-

317 2302 362 2366 vis
386 2301 480 2364 aliam
515 2300 769 2365 coniunctionem
796 2297 933 2364 admittit
957 2322 1053 2388 qnam
1085 2308 1219 2378 tamen,
1255 2298 1309 2364 sed
1337 2323 1406 2364 unu
1430 2313 1498 2366 tan·

317 2434 386 2486 tum
410 2420 559 2485 satisfacit
573 2469 582 2499 ,
619 2441 732 2508 nempe
763 2422 880 2484 etiam.
937 2417 973 2483 ln
1010 2419 1140 2509 epistola
1167 2421 1311 2508 sequenti
1340 2422 1431 2487 eiicio
1456 2421 1498 2486 de

317 2543 495 2632 republica
518 2553 588 2631 post
612 2541 713 2605 rebus
736 2539 896 2604 urbanis.

363 2664 400 2728 ln
420 2663 484 2728 fine
507 2685 557 2751 ep.
574 2666 635 2726 33:
686 2661 766 2726 «Tu
786 2660 923 2738 vellem,
947 2682 988 2726 nc
1011 2660 1126 2726 veritus
1146 2683 1250 2739 esses,
1274 2683 1314 2726 ne
1327 2663 1494 2752 pluribus

317 2785 454 2873 legerem
474 2796 543 2848 tuas
566 2782 703 2860 litteras,
715 2805 736 2844 »
760 2780 920 2845 Klotzium
938 2781 1106 2845 coniecisse
1126 2778 1215 2845 rideo
1232 2804 1363 2870 parum
1389 2783 1497 2847 titen-

319 2913 374 2968 ter
396 2925 453 2992 pro
473 2901 650 2992 pluribus.
697 2899 823 2966 Sed-
842 2900 996 2989 paceriri
1016 2900 1131 2964 summi
1154 2899 1274 2965 dictum
1294 2913 1359 2968 esto
1381 2941 1447 2982 —,
1471 2904 1497 2968 si

318 3024 391 3089 licet
426 3023 460 3087 in
495 3021 687 3112 gravioribus
730 3021 914 3110 corruptelis
950 3019 1071 3109 quidvis
1102 3021 1320 3101 comminisci,
1343 3035 1521 3112 prorsua'
1598 3099 1608 3108 ⁶

318 3156 424 3210 actum
450 3155 496 3208 est
518 3141 557 3208 de
583 3138 736 3207 Codicum
759 3141 957 3206 auctoritate.
1017 3139 1174 3230 Equidem
1208 3141 1314 3207 locum
1352 3156 1495 3210 vexatum

316 3288 353 3331 ea
376 3265 557 3331 coniectura
581 3261 750 3328 emendare
772 3260 960 3339 studebam,
985 3284 1066 3349 quae
1096 3260 1175 3326 mihi
1197 3285 1254 3350 pro
1286 3274 1375 3350 parte
1408 3286 1494 3328 com·

317 3386 422 3451 munis
452 3397 498 3451 est
531 3407 604 3449 cum
633 3384 785 3448 Ernestio.
834 3381 895 3446 Hic
918 3379 1047 3446 rescribi
1069 3380 1167 3446 voluit
1187 3385 1411 3472 perinvitus,
1436 3407 1494 3472 ego

318 3508 514 3574 conieceram
535 3505 647 3596 plane
675 3507 808 3567 inuitur
822 3525 834 3580 ;
871 3500 925 3567 scd
960 3524 1065 3566 reram
1088 3500 1176 3567 illam
1210 3503 1395 3592 scripturam
1429 3526 1494 3568 esse

317 3650 381 3693 non
401 3627 500 3692 ausim
525 3624 692 3690 affirmare.

753 3803 857 3869 Liber
885 3801 1049 3868 Octavus.
1105 3786 1108 3792 ¹

364 3992 424 4080 ltp.
447 3993 466 4054 t
491 3990 555 4074 §t
604 3984 760 4052 «Invideo
788 3984 866 4064 tibi,
891 3996 957 4049 tam
983 3984 1105 4063 multa,
1131 4007 1213 4072 quae
1242 3986 1378 4064 mirere,
1404 3989 1496 4052 istuc

310 4110 556 4204 perferuntur.
616 4107 756 4173 Primum
791 4105 894 4185 illud,
930 4104 1109 4171 absolutum
1139 4106 1316 4171 Messalam.
1329 4129 1350 4171 >>
1408 4105 1495 4172 llaec

317 4232 411 4298 verba
445 4253 518 4296 reru
555 4251 620 4296 esse
655 4250 718 4292 non
745 4239 885 4316 possunt.
936 4224 1084 4304 (laelius,
1110 4227 1165 4315 qui
1196 4224 1341 4292 Ciceroni
1363 4225 1494 4305 scribit,

316 4351 446 4418 Ilcmae
468 4363 525 4415 est.
575 4349 646 4415 Non
662 4360 792 4438 possunt
814 4348 912 4438 igitur
930 4346 969 4410 ad
988 4369 1062 4412 eum
1078 4347 1261 4436 perferri,
1284 4370 1364 4435 quae
1388 4369 1495 4414 coram

317 4496 354 4540 eo
377 4470 573 4539 accidebant.
622 4450 855 4536 Deindea'rtuc
872 4467 1007 4533 refertur
1029 4489 1152 4556 semper
1170 4466 1210 4530 ad
1233 4468 1403 4534 secundam
1421 4489 1494 4556 per·

319 4616 441 4674 sonam3
468 4596 560 4657 istuc
582 4591 678 4681 igitur
701 4590 834 4656 refertur
854 4588 893 4656 ad
905 4588 1098 4654 Ciceronem.
1138 4587 1228 4674 Quod
1248 4589 1273 4653 si
1293 4609 1401 4656 rerum
1424 4597 1494 4666 est,

322 4727 356 4782 ut
387 4726 433 4782 est
457 4733 590 4790 rerum,
627 4722 755 4802 apparet
779 4708 885 4778 locum
913 4709 996 4775 male
1018 4711 1193 4776 mulcatum
1223 4731 1299 4777 csse.
1356 4708 1497 4774 Fortasse
