3542 5492
877 407 919 466 w

353 589 454 655 llatur
482 591 579 681 igitur
608 591 693 680 optio
723 590 806 654 inter
837 600 1004 680 utramque
1027 592 1308 671 constructionem
1334 591 1485 660 hodierna

307 722 414 775 tamen
449 732 467 774 a
503 707 655 776 Cicerone
684 708 906 778 abiudicanda.
954 711 992 777 ln
1021 710 1117 777 Libro
1146 712 1233 778 XIV.
1261 735 1313 802 ep.
1345 718 1367 778 4
1398 717 1415 799 §
1450 717 1484 778 1:

308 830 416 917 «Epo
438 831 543 896 minus
565 853 657 920 saepe
680 830 719 896 do
743 830 783 930 ad
806 854 859 898 ros
871 831 1012 911 litteras,
1037 854 1133 921 quam
1151 855 1298 921 possum,
1322 845 1487 923 propterea

308 951 409 1041 quod,
438 973 537 1040 quum
560 952 665 1018 omnia
687 951 767 1018 mihi
784 964 927 1042 tempora
951 965 1024 1019 sunt
1045 953 1178 1032 misera,
1201 966 1272 1019 tum
1294 977 1367 1020 uero
1389 977 1487 1044 quum

309 1086 363 1139 aut
386 1073 488 1139 scribo
512 1072 550 1138 ad
574 1096 627 1139 ros
651 1085 705 1138 aut
728 1085 843 1138 vestras
866 1072 975 1163 lego.»

353 1193 456 1259 Erunt
485 1193 614 1259 fortasse
626 1242 636 1273 ,
669 1193 724 1282 qui
752 1205 865 1283 putent
895 1217 947 1258 me
978 1194 1094 1259 flnctus
1117 1194 1254 1260 excitare
1273 1195 1308 1260 in
1332 1194 1488 1284 simpulo,

308 1314 333 1378 si
362 1312 468 1380 dixero
499 1312 579 1380 illud
610 1336 669 1403 ego
696 1312 776 1380 mihi
798 1313 1001 1380 uehementer
1023 1313 1198 1404 displicere.
1247 1314 1360 1381 Dicam
1382 1327 1489 1380 tamen

306 1432 425 1513 libere,
465 1434 549 1523 quod
586 1435 696 1500 sentio.
751 1433 812 1499 llio
848 1434 935 1499 nulla
973 1456 1066 1499 causa
1101 1433 1229 1513 subest,
1264 1457 1322 1500 eur
1355 1447 1491 1524 ponatur

307 1576 481 1645 pronomen
513 1577 572 1644 ego
603 1567 635 1620 et
664 1554 698 1620 in
724 1553 792 1644 ipsc
823 1553 1000 1619 litterarum
1026 1554 1135 1619 limine
1159 1576 1260 1643 oeque
1284 1551 1489 1620 Ciceroniana

309 1673 502 1742 consuetudo
525 1674 643 1763 respuit
666 1673 745 1742 illud
770 1696 849 1764 ego,
874 1696 913 1739 ac
936 1674 1129 1741 consuetudo
1153 1685 1272 1740 nostra.

355 1794 513 1885 Equidem
531 1793 669 1883 legerem
687 1816 724 1858 eo
742 1816 799 1884 pro
819 1816 879 1882 ego
901 1793 954 1882 (de
971 1791 1008 1859 ed
1029 1817 1086 1885 pro
1108 1794 1185 1859 ideo
1205 1807 1241 1860 nt
1261 1816 1491 1883 nonnunquam

310 1919 372 1983 hoo
399 1916 490 1982 adeas
511 1914 616 1983 Madv.
644 1914 683 1980 G.
709 1915 747 1980 L.
774 1917 792 2000 3
817 1918 878 1981 291
907 1914 945 1982 l.
968 1916 1026 2003 2),
1050 1916 1192 2005 quamvis
1214 1915 1280 1981 lere
1303 1938 1443 2005 semper,
1467 1915 1493 1979 si

309 2040 344 2105 in
374 2039 476 2128 primo
509 2035 653 2103 membro
686 2036 726 2100 sit
762 2033 860 2115 ideo,
894 2037 974 2115 hoa,
1007 2037 1040 2102 in
1072 2035 1171 2102 altero
1202 2048 1352 2124 sequatur
1382 2035 1491 2126 quod,

311 2163 415 2251 quiet,
440 2161 626 2247 quonium,
650 2178 710 2224 nec
734 2157 881 2224 recordor
902 2170 955 2222 me
979 2180 1132 2247 umquam
1151 2157 1263 2224 uidisse
1275 2165 1491 2248 propterea,

311 2280 413 2369 quod.

358 2399 479 2466 Vitium
502 2399 630 2487 vulgare
649 2396 770 2463 obsidet
790 2397 862 2463 Lib.
890 2397 962 2465 XV.
987 2420 1038 2488 ep.
1065 2402 1085 2462 2
1111 2401 1129 2483 §
1156 2402 1196 2464 6:
1235 2399 1374 2485 «Quum
1393 2397 1494 2464 adrui·

312 2543 416 2601 rerer,
447 2519 523 2609 quid
550 2516 712 2585 accidisset
735 2518 826 2598 nori,
851 2516 930 2583 dixit
952 2518 1045 2585 adse
1067 2519 1202 2584 indicio
1224 2517 1494 2606 manifestarum

313 2642 527 2710 insidiarum
550 2664 614 2706 esse
635 2640 776 2706 delata.»
810 2637 904 2706 Hand
922 2638 1104 2705 dubitanter
1121 2640 1243 2728 corrigo
1263 2639 1400 2704 indicia
1421 2663 1495 2703 me·

313 2763 448 2852 nifeste
480 2761 719 2838 insidiarum
750 2758 835 2848 qnod
864 2758 1052 2847 postulatur.
1083 2758 1126 2824 cf.
1160 2755 1227 2823 Cic.
1261 2758 1352 2823 Brut.
1387 2781 1416 2823 c.
1450 2762 1494 2824 80

316 2887 335 2969 §
369 2887 431 2948 277
465 2893 496 2948 et
528 2879 618 2947 Ourt.
651 2877 729 2959 VII,
763 2901 792 2944 c.
829 2883 859 2945 1.
885 2881 918 2943 2.
966 2877 1055 2943 Idem
1078 2877 1190 2942 titium
1211 2877 1359 2966 inquinat
1383 2877 1496 2944 Velleii

313 3003 387 3072 Lib.
419 3003 462 3070 ΙΙ.
496 3025 525 3068 o.
560 3005 624 3080 83,
655 3000 710 3066 ubi
738 3012 783 3067 est
811 2999 948 3064 indicia
978 2999 1248 3087 manifestarum
1272 3001 1492 3090 rapinarum.

318 3127 404 3210 Quae
430 3121 554 3188 (lortius
578 3120 617 3186 ad
639 3120 731 3186 illum
753 3119 777 3185 l.
803 3119 928 3198 attulit,
952 3118 1032 3185 nihil
1056 3119 1095 3184 ad
1119 3142 1187 3186 rem
1208 3121 1341 3187 faciunt.

360 3246 399 3312 In
430 3267 481 3334 op.
515 3249 535 3310 3
568 3244 586 3328 3
620 3245 650 3308 2.
697 3239 827 3325 «Mihi,
860 3251 896 3306 ut
926 3241 959 3304 in
983 3239 1136 3321 eiusmodi
1156 3263 1192 3304 re
1214 3252 1366 3330 tantoque
1389 3239 1491 3316 bello,

315 3368 469 3434 maximae
499 3387 593 3432 curae
621 3373 687 3440 est,
719 3373 771 3438 ut,
804 3382 885 3448 quae
913 3359 1009 3448 copiis
1032 3371 1064 3425 et
1087 3358 1198 3448 opibus
1220 3372 1328 3428 tenere
1351 3362 1400 3428 rix
1421 3382 1494 3450 pos·

316 3511 443 3565 sumus,
475 3508 512 3552 ea
543 3479 783 3548 mansuetudine
814 3491 846 3545 et
870 3479 1064 3545 continentia
1087 3492 1211 3560 nostra,
1236 3483 1392 3548 sociorum
1415 3481 1494 3547 fide-

314 3610 404 3676 litate
427 3617 641 3672 teneamus.»
687 3600 759 3667 Non
784 3599 893 3679 rideo,
925 3595 1068 3666 our'non
1091 3601 1343 3689 obtemperatum
1366 3604 1406 3668 sit
1429 3601 1495 3667 No·

314 3731 385 3807 nio,
419 3728 474 3816 qui
503 3727 537 3792 in
560 3746 636 3790 voce
658 3724 838 3788 continens
862 3720 959 3787 habet
983 3731 1164 3801 lucarnam
1189 3724 1371 3812 praesertim
1396 3745 1495 3812 quum

314 3859 413 3916 tueor
435 3847 519 3914 idern
542 3841 769 3935 propemodum
793 3841 914 3921 valeat,
938 3841 1023 3931 quod
1047 3865 1146 3907 seruo
1165 3854 1197 3908 et
1214 3853 1321 3908 teneo.
1370 3842 1424 3909 Sic
1445 3843 1495 3908 lo·

316 3971 424 4061 quitur
455 3992 484 4033 v.
517 3989 545 4032 e.
580 3963 689 4032 Cicero
721 3964 754 4028 in
785 3986 836 4052 ep.
872 3968 908 4028 4:
959 3962 1122 4029 «Summa
1152 3974 1207 4030 tua
1230 3963 1398 4029 auotoritas
1420 3963 1496 4028 feeit

312 4129 360 4146 ...-
377 4127 422 4140 --
440 4125 486 4138 —
515 4099 550 4152 ut
575 4085 682 4174 magni
710 4106 780 4150 mea
809 4083 958 4150 interesse
988 4095 1155 4172 putarem,
1185 4095 1216 4148 et
1246 4106 1294 4149 res
1322 4106 1393 4162 eas,
1419 4105 1496 4171 quas

316 4212 497 4302 gessissem,
529 4205 588 4272 tibi
618 4215 710 4272 notas
730 4227 813 4283 esse,
839 4214 870 4270 et
891 4226 956 4268 non
979 4203 1116 4291 ignorari
1139 4224 1157 4267 a
1179 4214 1229 4280 te,
1255 4225 1317 4291 qua
1338 4203 1497 4291 aequitate

315 4345 349 4402 et
379 4328 571 4397 continentia
603 4333 720 4392 tuerer
743 4325 860 4404 socios,
885 4323 1144 4414 provinciamque
1167 4322 1431 4393 administrarem.
1455 4325 1494 4390 cl.

318 4466 349 4522 et
372 4476 420 4541 ep.
447 4454 466 4515 2
493 4453 511 4535 §
539 4452 569 4514 4.

363 4575 424 4664 up.
448 4576 467 4636 4
489 4571 506 4654 3
528 4572 579 4634 11.
618 4591 639 4630 <r
651 4567 699 4633 Tu
717 4565 800 4632 idem
817 4563 897 4632 mihi
913 4564 1175 4657 supplicationem
1194 4564 1356 4632 decrevisti
1368 4575 1493 4654 togato,

319 4719 399 4774 non,
420 4705 455 4760 ut
467 4691 591 4770 multis,
613 4711 678 4782 rep.
693 4688 774 4756 bene
786 4701 887 4779 gesta,
907 4689 977 4769 sed,
992 4701 1026 4754 ut
1038 4689 1177 4768 nemini,
1198 4710 1263 4777 rep.
1278 4698 1496 4753 conseruata.»
